2894 4872
320 253 393 328 ‘274
666 259 1048 324 manumissiones

402 431 439 499 P.
458 439 508 505 ll,
530 434 633 497 tuter.
690 428 905 496 &namatium
932 431 982 494 hic
1000 430 1143 512 pluribus
1166 446 1187 493 a
1206 430 1417 511 scriptoram

319 519 465 581 laudatur
496 536 516 579 a
538 516 638 578 studio
658 515 832 579 literarum:
858 535 928 578 nam
952 521 983 575 et
1005 516 1140 577 iacentes
1159 514 1309 575 liberales
1328 524 1417 578 artes

320 601 353 664 in
379 602 471 663 decus
500 599 661 680 pristinam
681 599 833 678 restituit,
856 599 972 680 etipse
999 597 1145 678 imprimis
1167 597 1267 659 literis
1289 597 1417 661 deonas

319 691 397 760 erat,
418 688 621 746 attestantur
640 680 795 744 Cedrenus
817 682 960 745 Zonaras
983 679 1099 757 Glycas
1125 680 1248 762 aliique.
1305 683 1415 762 primis

318 786 412 849 porro
433 765 550 844 imperii
581 764 670 827 annis
698 782 861 846 oppressus
884 766 938 827 ille
965 763 1065 826 soceri
1085 763 1257 842 tyrannide,
1281 781 1341 827 seu
1361 784 1414 827 ne·

318 851 461 912 cessitate
485 853 618 925 coactns,
640 865 693 909 sen
715 849 907 911 dissimulata
922 865 1012 929 quam
1032 847 1065 909 in
1086 847 1253 910 amman
1279 848 1414 930 gerebat

318 933 486 1009 simultate,
508 929 596 992 libris
615 930 755 1013 legendis
775 950 813 994 ac
832 930 999 1012 disciplinis
1023 928 1192 992 ediscendis
1212 936 1310 1012 atque
1331 932 1412 994 adeo

318 1013 476 1095 scriptioni
506 1019 603 1075 totum
625 1026 659 1075 se
681 1013 812 1091 dedidit,
831 1014 912 1095 quod
933 1031 1008 1094 prae
1036 1013 1147 1076 ceteris
1168 1019 1304 1077 testatum
1323 1016 1412 1078 lauit·

318 1098 453 1179 praudus
473 1101 495 1160 3
515 1101 554 1172 9,
575 1096 628 1159 ubi
648 1096 732 1159 illins
754 1097 898 1177 pictatem
931 1116 969 1159 ac
990 1097 1092 1158 stridis
1112 1097 1305 1161 commendat
1325 1098 1412 1161 hisee

318 1181 435 1243 verbis:
455 1176 689 1243 Constantinus
711 1182 822 1264 itaque
851 1176 1147 1263 Porphyropeattua
1175 1183 1241 1243 non
1261 1184 1412 1245 matteas·

318 1268 384 1327 tuso
417 1259 612 1327 lectionibus
641 1279 766 1326 coenos
798 1260 899 1326 iotrnn
928 1280 967 1326 se
996 1263 1123 1328 domim
1151 1263 1411 1341 commendabat,

317 1362 416 1428 opere
446 1363 592 1409 monuwa
626 1349 745 1410 nictum
773 1349 973 1431 quaeritans,
1015 1364 1097 1411 sorae
1117 1339 1174 1424 τὴν
1199 1345 1409 1427 ζωγραφίαν,

316 1428 353 1493 td
374 1434 427 1492 eet
445 1431 618 1512 picturam,
638 1428 755 1512 pulcre
779 1428 967 1494 exercebat.
993 1449 1069 1494 suae
1089 1431 1208 1492 demum
1228 1432 1332 1493 tactam
1353 1452 1410 1515 po-

316 1513 448 1589 testatis,
468 1530 615 1594 oppresso
636 1520 769 1590 moranno
790 1515 928 1577 Romano
948 1533 988 1578 ac
1006 1516 1071 1578 mus
1088 1513 1170 1591 tiliis,
1191 1513 1410 1595 philosophiae

316 1602 349 1658 et
366 1595 536 1659 rhetorices
563 1601 793 1679 ceterarumque
813 1598 942 1660 nimrim
965 1603 998 1660 et
1021 1598 1134 1661 artium
1154 1604 1185 1659 et
1207 1598 1408 1663 mendam

315 1678 419 1743 studia
441 1697 518 1760 pene
535 1678 695 1761 deperdita
714 1680 760 1744 ita
780 1682 1013 1744 insaniemus
1033 1681 1107 1744 urbs
1127 1681 1216 1763 regia
1237 1682 1317 1743 viris
1338 1701 1408 1745 err·

316 1760 398 1841 ditis,
421 1781 496 1844 quos
519 1780 559 1825 ex
577 1763 720 1826 universo
740 1764 814 1826 orhc
836 1765 955 1843 accivit,
977 1765 1134 1828 abemdare
1150 1766 1298 1845 eoeperit.
1342 1766 1407 1831 col·

315 1844 405 1909 lectis
426 1845 552 1927 insuper
569 1847 701 1928 nudique
727 1846 906 1929 optimorum
933 1848 1115 1930 scriptorum
1136 1848 1168 1911 ia
1188 1850 1270 1911 omni
1291 1848 1407 1913 doctri-

315 1946 376 1995 aae
396 1947 510 2012 genere
532 1931 760 2011 exemplaribus
781 1931 952 1994 Pmadnanr
982 1931 1196 1994 bibliothecam
1224 1932 1263 1995 iis
1289 1933 1407 1997 instra·

314 2011 382 2088 xit,
404 2029 482 2093 puae
507 2031 567 2076 non
599 2021 662 2079 mm
682 2014 776 2095 ipsius
796 2032 888 2096 quam
914 2014 1036 2096 publico
1069 2015 1200 2101 omnium
1221 2016 1292 2078 usuri
1313 2018 1406 2082 ford.

315 2111 421 2158 venum
438 2114 505 2158 cunr
532 2103 649 2163 tantam
679 2105 801 2180 tamque
829 2098 1004 2161 immensam
1037 2098 1185 2162 librorum
1204 2099 1317 2162 molen
1338 2101 1407 2182 ple-

314 2194 426 2260 rosque
448 2179 489 2242 ab
512 2198 617 2243 comm
637 2181 768 2243 lectione
798 2183 954 2245 deterrere
980 2200 1071 2263 posse
1098 2189 1237 2264 putaret,
1264 2182 1353 2264 ipse,
1372 2190 1409 2247 at

312 2260 481 2342 principem
520 2262 639 2341 deruit,
675 2265 863 2346 singulorum
898 2266 1023 2329 utilitati
1055 2268 1237 2343 consulens,
1263 2274 1410 2331 anetum

314 2362 418 2406 omnes
441 2344 492 2425 qui
513 2345 592 2408 idem
613 2357 825 2428 argumentum
842 2354 1055 2412 tractaverant
1074 2356 1109 2412 ut
1128 2351 1161 2412 in
1180 2368 1272 2413 anum
1296 2369 1409 2433 corp·

314 2426 582 2507 compingerentur
609 2432 746 2508 cumvit,
778 2432 905 2495 resmtis
934 2432 1113 2514 supultus,
1144 2450 1184 2496 ac
1210 2433 1335 2496 selectis
1368 2454 1408 2501 cr

313 2526 494 2653 mn
514 2506 1411 2665 tttttltltttdimittite&

313 2671 385 2734 libri
408 2672 515 2736 titurius
535 2682 568 2736 et
598 2686 811 2758 argumentum
838 2681 1007 2746 declarant
1058 2683 1113 2746 alii
1137 2702 1200 2747 non
1221 2684 1321 2763 ipsius
1340 2649 1410 2748 cue

315 2753 530 2836 Constantini,
549 2758 604 2821 sed
625 2759 690 2823 eius
704 2761 787 2825 iussu
809 2760 1019 2828 collectionem
1041 2765 1131 2829 istam
1153 2769 1266 2831 tomam
1289 2768 1410 2847 volunt

314 2855 407 2921 quam
426 2840 532 2904 nescio
553 2842 602 2905 cui
620 2843 767 2921 llionysio
792 2846 927 2911 Uticensi
949 2848 1097 2913 adscribit
1108 2849 1251 2914 Nicolaoa
1272 2849 1414 2916 (luibaed

314 2928 364 2987 tus
388 2922 420 2987 in
440 2922 621 2988 assertione
641 2928 680 2989 de
701 2929 870 2993 blatrhinis
890 2950 919 3010 p
942 2937 1002 3009 28,
1024 2952 1091 2997 mm
1115 2934 1186 3014 alii,
1212 2939 1247 2995 ut
1276 2935 1410 2999 taceam

315 3007 494 3071 Menoeceus
514 3010 556 3072 od
571 3011 766 3077 Plutarchum
786 3013 826 3075 de
845 3014 1032 3079 Fluminibus
1051 3036 1080 3098 p.
1097 3019 1167 3097 tat,
1191 3018 1329 3080 auctoris
1350 3039 1410 3082 no-

314 3091 987 3262 recreassemus
1004 3093 1411 3248 {hildilid}

314 3254 346 3316 in
377 3252 449 3320 libri
472 3260 511 3320 de
539 3254 713 3325 morborum
746 3264 904 3328 curatione
926 3266 1081 3346 promruo
1108 3265 1303 3330 Quemnam
1324 3268 1413 3333 iussu

314 3342 545 3420 praeceptiones
567 3362 671 3408 omnes
693 3346 826 3410 medicas
855 3365 897 3409 cx
927 3348 1025 3411 variis
1054 3349 1254 3431 scriptoribus
1279 3350 1413 3423 stoma

314 3426 415 3482 murm
437 3429 609 3504 suppressis
630 3428 814 3505 nominibus)
844 3429 923 3492 colle
948 3431 1009 3493 'sse
1029 3450 1065 3495 se
1086 3438 1226 3496 testatur.
1268 3434 1414 3499 eiusde·

314 3499 389 3596 item
407 3509 589 3606 commenti,
611 3511 641 3573 id
663 3519 711 3573 est
731 3514 908 3592 medicinae,
949 3514 1058 3578 abetur
1078 3515 1221 3592 anonymi
1243 3518 1415 3597 scriptoris

314 3583 394 3645 liber·
422 3604 455 3648 ln
477 3588 662 3659 bibliotheca
680 3596 781 3677 Regia
809 3596 883 3674 napo*
910 3594 1034 3677 διαίτης
1065 3617 1118 3661 seu
1140 3599 1178 3660 de
1199 3599 1339 3663 ciborum
1362 3604 1415 3665 fn·

314 3667 448 3743 cultate3
478 3672 562 3734 cuius
590 3677 710 3757 quidem
737 3686 844 3741 auctor
873 3679 905 3741 in
934 3680 1125 3761 praelatione
1146 3681 1415 3764 Porphyrogeniti

262 3760 266 3769 ’
314 3748 396 3811 iussa
420 3751 452 3814 id
475 3771 509 3813 se
530 3759 631 3835 operis
659 3779 838 3842 aggressum
866 3768 1007 3826 metamr.
1049 3783 1154 3828 verum
1175 3764 1232 3842 his,
1252 3771 1285 3827 et
1306 3767 1335 3829 si
1360 3770 1414 3851 qai

314 3838 474 3933 praeterea
496 3837 642 3902 eiusmodi
669 3843 741 3906 libri
763 3846 802 3906 ad
830 3846 971 3909 notitiam
1002 3855 1222 3912 nostrumnon
1245 3858 1414 3925 venerunt,

312 3920 343 4011 ct
365 3920 574 4013 magnitudine
591 3924 694 4004 operis
716 3932 747 3988 et
767 3928 898 3992 abbiate
924 3929 1018 4012 longe
1037 3938 1197 4011 praestant
1216 3931 1415 4000 collectanea

312 3997 458 4088 historica
491 4002 523 4065 iu
542 4007 585 4069 53
604 4008 712 4071 titulos
743 4028 798 4073 seu
828 4012 914 4076 locos
944 4031 1116 4078 communes
1133 4016 1173 4079 ab
1195 4014 1305 4078 eodem
1326 4015 1417 4083 Coa-

312 4083 447 4147 stantino
467 4094 522 4150 aut
543 4090 646 4170 potius
665 4091 749 4156 illius
769 4093 854 4163 iusso
875 4096 1102 4179 comprehensa
1145 4097 1254 4162 horum
1274 4101 1321 4163 bd
1342 4107 1416 4165 tra-
