2892 4860
133 784 199 858 EX
224 779 475 860 BANDURII
495 776 563 853 DE
584 776 800 854 IMPERIO
822 775 924 854 SUO
949 774 1227 859 ORIENTALI

498 913 865 991 PRAEFATIONE.

218 1089 314 1154 Prima
326 1100 419 1173 parte,
441 1088 541 1173 inqua
558 1024 600 1149 de
613 1085 749 1150 divnione
761 1086 969 1172 'provinciarum
986 1087 1097 1175 imperii
1113 1089 1231 1155 llomani

133 1198 164 1261 in
190 1195 329 1295 themata,
356 1214 461 1261 nemon
488 1192 524 1257 de
550 1191 699 1279 prouinciis
717 1215 751 1255 ao
768 1190 880 1257 urbibus
904 1193 1063 1277 imperatori
1082 1197 1229 1282 cpolitano

132 1301 203 1364 olim
228 1301 372 1377 subiectis,
387 1301 552 1370 ,eontinetur
579 1297 748 1362 Constantini
770 1297 1001 1386 Porphprogeniti
1019 1301 1092 1365 liber
1108 1326 1176 1366 nnus
1193 1302 1231 1364 de

1 1423 2 1432 ¹
131 1404 297 1470 thematibus
314 1403 437 1471 Orientis
455 1417 484 1470 et
499 1405 572 1470 alter
589 1405 625 1468 de
643 1404 809 1471 thematibus
826 1404 984 1469 Occidentis
992 1426 1006 1483 ‚·
1033 1428 1141 1471 necnon
1164 1407 1229 1472 llie·

133 1511 217 1576 rodis
238 1511 411 1599 grammatici
432 1511 628 1600 Spneedemus.
680 1510 725 1576 lnis
743 1524 832 1576 autem
850 1511 955 1577 duobus
972 1513 1052 1577 libris
1072 1512 1230 1601 Purphpro·

1 1639 2 1678 l
133 1619 243 1705 genitus
269 1619 308 1682 ita
334 1617 457 1682 themata
481 1615 613 1683 describit
643 1616 732 1699 (olim
752 1620 855 1704 qnippe
873 1619 954 1701 θέμα
971 1619 1046 1685 idem
1063 1620 1136 1706 qnod
1152 1619 1232 1705 legio

134 1723 289 1798 oestrum
310 1723 412 1789 deinde
431 1722 550 1806 θέματα
570 1723 727 1810 appellatae
744 1724 920 1808 provinciae,
941 1727 971 1791 in
988 1726 1085 1813 quidm
1102 1725 1233 1812 legiones

135 1830 164 1894 in
180 1830 328 1916 praesidiis
345 1829 455 1894 looatae
473 1831 573 1910 erant)
589 1842 618 1894 ut
635 1841 724 1894 terras
741 1830 770 1894 in
787 1832 885 1917 quibus
901 1831 992 1897 loeata
1005 1833 1127 1904 luerunt,
1147 1829 1233 1893 adeo·

1 1933 2 1958 ¹
134 1956 189 2022 que
211 1934 329 2023 populos
352 1936 450 2021 quibus
467 1936 567 2020 partim
584 1939 751 2029 cognomina
767 1961 819 2003 sua
837 1937 1006 2014 debuerunt,
1038 1936 1148 1999 insertis
1165 1936 1232 1998 anti·

135 2040 281 2125 quitatibus
316 2041 573 2125 narrationibnsque
609 2043 696 2108 uariis
734 2054 938 2107 oommemoret.
995 2042 1070 2106 liber
1099 2043 1178 2127 prior
1204 2045 1233 2107 in

135 2142 254 2209 Oriente
281 2145 303 2208 i.
327 2166 354 2209 e.
383 2146 414 2209 in
440 2144 510 2207 Asia
536 2166 598 2208 enm
620 2146 722 2209 minori
741 2158 798 2209 tum
814 2148 897 2209 etiam
913 2145 1030 2222 maiori,
1051 2149 1234 2238 posterioria

134 2248 291 2314 Occidente
309 2252 329 2314 i.
349 2270 376 2313 e.
395 2249 425 2312 in
441 2249 572 2334 Europae
588 2250 754 2334 provinciis,
784 2249 908 2315 Thracia
930 2252 1096 2317 Macedonia
1118 2252 1236 2319 Hellade

39 2409 46 2423 .
135 2355 330 2443 Peloponneso
348 2367 376 2420 et
392 2353 528 2419 nonnullis
545 2354 609 2421 aliis
626 2357 745 2442 imperio
764 2354 908 2444 Cpelitano
924 2357 1054 2423 subiectis
1071 2357 1155 2437 loeis,
1175 2357 1235 2423 the-

136 2476 208 2528 mata
235 2461 434 2548 complectitur.
490 2462 589 2527 horum
609 2462 731 2549 priorem
753 2463 900 2529 Vulcanius
920 2466 1023 2552 primus
1044 2466 1147 2554 publici
1167 2467 1237 2532 iuris

137 2567 201 2634 lecit
229 2591 266 2634 ex
293 2592 343 2633 ma
368 2568 554 2646 bibliotheca,
574 2570 674 2634 Latina
690 2570 820 2635 versione
841 2583 870 2635 et
889 2574 962 2637 notis
981 2572 1156 2638 brevioribus
1174 2572 1234 2637 illu-

137 2689 256 2753 matum,
272 2675 399 2762 Lugduni
411 2675 585 2753 Rutenorum,
602 2698 654 2762 per
665 2676 691 2742 F
692 2678 842 2741 ranciscnm
855 2678 1083 2767 liaphelenginm
1102 2703 1129 2743 a.
1142 2682 1235 2755 1588,

137 2784 167 2847 in
183 2786 213 2849 8.
256 2783 353 2847 iterum
369 2783 473 2869 prodiit
489 2784 565 2849 idem
582 2784 655 2849 liber
673 2806 734 2849 oum
751 2785 838 2849 variis
854 2784 1018 2850 lectionibus
1039 2784 1235 2851 emendationi·

137 2888 188 2955 lim
208 2910 243 2953 ae
263 2886 458 2974 supplementis
479 2911 516 2954 ex
536 2913 578 2954 ms
595 2890 693 2954 codiee
710 2891 819 2977 Regio,
840 2890 929 2954 studio
947 2913 982 2955 ae
997 2911 1087 2974 opera
1104 2889 1237 2954 Federiei

137 2994 267 3071 Metelli,
296 2995 325 3059 in
351 2994 481 3079 operibns
506 2995 675 3061 Comtantini
694 2996 775 3060 editis
793 2996 913 3069 ibidem,
942 3016 979 3059 ex
1000 2994 1110 3058 offinina
1126 2993 1236 3059 Elaeui·

139 3105 236 3179 riana,
259 3123 286 3166 a.
307 3105 404 3178 1617,
425 3102 501 3170 in8.
544 3103 662 3170 alterum
682 3125 752 3167 nero
769 3100 1004 3187 Porphprogeniti
1021 3098 1137 3177 librum,
1158 3101 1235 3165 nimi·

139 3232 200 3275 ram
226 3209 263 3274 de
289 3207 453 3272 thematibus
473 3209 649 3287 Ooeidentis,
670 3211 745 3274 idem
762 3205 1016 3290 Morellnsprinrns
1034 3206 1120 3270 edidit
1137 3229 1174 3271 ex
1191 3229 1236 3272 co·

140 3317 203 3382 dice
219 3338 261 3380 ms
277 3313 466 3380 bibliothecae
483 3317 591 3403 Regiae
609 3339 670 3381 eum
688 3315 787 3379 Latine
805 3313 1032 3399 interpretatione
1050 3334 1084 3376 ae
1101 3313 1188 3388 notis,
1210 3314 1238 3378 in

141 3420 271 3508 operibus
299 3420 483 3496 Constantini,
514 3422 623 3487 laudato
646 3422 711 3488 loeo
728 3420 776 3504 *).
819 3419 890 3484 huno
907 3433 998 3486 autem
1015 3431 1154 3505 utrumque
1171 3418 1239 3482 Pur·

141 3527 319 3615 pluprogeniti
336 3526 445 3604 librum,
465 3529 501 3592 ad
518 3527 703 3593 illustrandam
721 3549 781 3593 rem
799 3527 975 3616 llpmntinam
992 3524 1238 3612 perneoessariunr,

0 3676 2 3703 ;
143 3634 269 3698 oollatmn
287 3656 347 3697 eum
364 3635 461 3701 oodiee
479 3657 521 3698 ms
538 3634 630 3721 Regio
647 3634 812 3723 bumbpeino
829 3657 857 3698 n.
873 3634 973 3710 2431,
992 3645 1059 3725 ante
1077 3630 1241 3717 quingentos

143 3761 228 3803 annos
257 3739 368 3807 circiter
394 3742 514 3828 scripto,
551 3740 600 3804 hio
626 3762 685 3804 cnm
712 3757 807 3805 nostra
833 3739 934 3804 latina
961 3735 1189 3823 interpretatione
1213 3747 1242 3799 et

143 3842 424 3910 animadversionibus
442 3843 614 3908 emendatam
632 3864 667 3906 ae
683 3843 842 3912 illustratum
859 3847 959 3910 iterum
972 3840 1158 3928 proponimus,
1180 3860 1243 3923 spe·

144 3964 237 4016 rantes
254 3950 321 4015 inde
340 3949 441 4035 aliquid
458 3950 527 4015 lucie
546 3962 575 4014 et
592 3949 732 4015 historicis
750 3963 779 4017 et
795 3949 971 4040 geographie
988 3967 1169 4013 accessurum.

209 4209 243 4278 ⁸)
278 4155 408 4261 Thematd
424 4212 535 4277 umque
552 4221 621 4260 onae
638 4207 673 4261 ad
689 4207 748 4262 uod.
764 4206 851 4262 Paris.
863 4206 931 4275 nar.
942 4202 996 4261 854
1009 4198 1070 4268 (sol
1086 4192 1245 4262 too-iao)

144 4298 253 4355 eontulit
267 4297 409 4355 ilduardns
425 4297 539 4354 Simeon.
574 4297 597 4351 1.
614 4298 661 4363 B„
767 4331 772 4339 ι
