2894 4872
337 346 412 422 294
587 356 784 420 amnonis
812 354 1193 427 montovanstoues

238 476 244 495 Ι
337 527 419 591 docti
439 545 499 588 non
526 526 583 589 abs
604 544 641 589 rc
666 527 824 607 ambigrmt
846 545 887 589 an
918 544 978 587 non
1002 524 1043 587 ibi
1063 525 1189 608 legatur
1210 519 1412 607 cluam

335 611 415 674 unde
440 606 605 674 Clidemus
623 611 732 672 lecerit
747 610 900 673 librarius.

418 715 468 789 48,
492 714 543 772 1&
584 707 620 770 ἐν
638 708 680 791 opi
695 704 902 792 ‘lnnodpo‘prpl
925 710 1004 773 bane
1024 713 1158 770 statuum
1175 706 1410 792 Herculisque

334 794 438 857 stabat
466 794 497 855 in
517 793 724 874 llippudromo
746 792 927 873 Cpolitano‚
956 791 1095 873 pluribus
1125 790 1271 854 describit
1297 794 1411 856 Nicetas

334 877 499 941 Cboniates
519 876 551 937 in
572 882 705 939 tractatu
724 877 764 938 de
783 876 893 938 statuis
912 873 1083 958 spolitanis
1104 891 1179 956 ques
1199 874 1304 938 Latini
1326 885 1408 958 captu

333 961 408 1025 urbe
429 960 461 1021 in
480 966 629 1022 monetam
649 958 867 1022 conflaverunt

412 1063 463 1136 lo,
483 1063 513 1121 2
554 1052 588 1118 τό
610 1054 766 1138 νόμισμα]
787 1058 934 1122 eiusmodi
959 1075 1096 1122 nummos
1113 1055 1263 1121 Metellus
1281 1072 1317 1117 se
1335 1054 1407 1136 apul

331 1141 457 1204 Paulum
479 1141 634 1206 Patavium
655 1141 770 1203 vidisse
789 1147 906 1205 narrat

414 1222 498 1289 lbid.
522 1231 543 1288 4
566 1220 742 1305 Καρανοῦ]
764 1225 932 1289 Pausanias
955 1224 989 1288 in
1015 1222 1168 1286 Bneoticis
1189 1227 1300 1284 παπαῖ
1318 1220 1408 1284 Cara-

329 1327 399 1372 num
418 1310 489 1370 olim
511 1307 732 1371 ioMaeedonia
750 1326 916 1391 regnasse,
939 1314 971 1370 ct
990 1308 1120 1370 victoria
1141 1304 1299 1367 decissco
1321 1304 1407 1367 firu'ti-

327 1411 398 1454 mae
417 1392 593 1474 provinciae
612 1391 750 1472 principe
769 1397 928 1474 reportata
948 1398 1107 1473 tropaeum
1125 1388 1313 1469 Argivorum
1329 1406 1405 1449 more

326 1475 507 1557 legibusque
531 1475 686 1551 erexisse3
717 1475 797 1555 quod
830 1482 937 1556 postea
966 1476 1017 1537 leo
1047 1492 1087 1536 ex
1108 1474 1237 1553 Olympo
1269 1489 1404 1553 egressu

327 1559 439 1620 evertit
459 1578 496 1619 ae
516 1558 692 1640 dissipavit3
714 1576 810 1640 eoque
831 1560 913 1622 malo
926 1558 1025 1621 omine
1037 1564 1099 1619 tum
1115 1555 1287 1638 perculsum
1306 1572 1403 1635 regn

325 1642 385 1704 sibi
406 1642 596 1724 posterisque
618 1642 692 1720 suis,
711 1642 910 1705 Macedoniae
936 1641 1084 1722 regibus,
1105 1636 1339 1721 praescripsisse
1354 1655 1402 1699 αι-

324 1725 464 1806 visseqoe
484 1743 524 1786 ne
545 1733 702 1805 tropaeum
732 1744 863 1807 unquam
884 1724 1060 1806 erigerent3
1079 1723 1164 1785 euius
1185 1719 1402 1782 morsuum

323 1808 480 1888 Philippus
496 1808 648 1885 Amyntae
667 1815 699 1869 et
717 1807 896 1872 Alexander
918 1826 1047 1889 magnus
1069 1803 1332 1869 observantissimi
1353 1821 1402 1864 cx·

324 1891 460 1953 titerunt.
509 1890 615 1954 Livius
643 1890 733 1953 etium
762 1894 783 1955 Ι.
807 1895 849 1954 45
871 1891 1025 1954 Caranum
1052 1890 1182 1970 primum
1209 1887 1402 1949 Macedoniae

324 1992 430 2055 regem
452 1974 572 2037 asserit
594 1974 676 2038 Mon.
718 1976 863 2052 Marsyas
881 1975 1031 2051 Pellaeus,
1051 1973 1134 2034 euius
1160 1987 1255 2052 snpra
1276 1969 1402 2031 meminit

321 2058 453 2140 scriptor
467 2065 581 2137 noster,
602 2057 762 2122 historiam
783 2077 884 2121 rerum
899 2057 1162 2120 Macedonicarum
1182 2075 1203 2117 a
1223 2053 1321 2135 primo
1339 2053 1402 2114 lda-

321 2140 466 2203 cedoniae
486 2160 562 2223 rege
578 2139 702 2204 Carano
726 2141 861 2219 orditur,
880 2159 917 2204 ac
939 2140 1083 2203 terminat
1099 2136 1274 2202 Alexandri
1290 2136 1326 2200 in
1346 2136 1400 2212 sp-

319 2223 399 2286 riam
419 2224 577 2304 ingressu,
598 2231 632 2286 ut
652 2230 759 2289 auctor
781 2232 829 2289 est
849 2224 971 2289 Suidas.

401 2319 485 2386 ibid·
504 2329 535 2386 Β.
577 2318 779 2401 caralitano
801 2322 837 2385 dd
856 2319 902 2394 εἷς
918 2319 1049 2399 Περσέα
1087 2319 1192 2382 livius
1214 2320 1236 2381 Ι.
1258 2322 1302 2382 45
1323 2336 1401 2403 pm·

319 2401 510 2483 dricnntm
530 2405 637 2486 inquit,
659 2411 844 2470 consonos
866 2403 1020 2469 bellulam
1061 2406 1109 2466 ru'l
1133 2405 1220 2465 iuter
1239 2398 1404 2466 Romanos

318 2502 361 2548 oc
383 2484 532 2559 Persem·
564 2487 648 2550 idem
741 2487 821 2554 belli
849 2486 928 2570 limis
960 2493 993 2552 et
1012 2485 1129 2569 inclyti
1158 2504 1221 2568 per
1249 2483 1403 2567 Europae

316 2566 476 2652 pleraque
507 2575 605 2653 utque
664 2576 748 2635 dum
769 2591 891 2636 omnmo
911 2574 1013 2654 repat
1066 2573 1255 2632 vicesimus
1277 2566 1320 2631 ub
1342 2564 1404 2633 uo

316 2669 408 2725 runo,
474 2654 627 2733 'pmmus
648 2658 815 2737 reposcit,
842 2652 971 2719 Perseo
998 2651 1218 2718 merebant.
1260 2649 1405 2716 Passus

318 2732 406 2881 QtF
439 2730 545 2881 stipi
567 2731 696 2802 Montio
715 2756 805 2802 coss·
825 2756 958 2821 reprom
977 2739 1133 2820 uceeplt,·
1153 2753 1177 2798 α
1195 2741 1318 2799 scruta
1339 2753 1403 2799 rea

317 2835 355 2882 es
457 2838 475 2879 e
503 2823 587 2881 utus.

418 2899 481 2965 bid.
505 2908 555 2966 10.
608 2899 762 2978 Αἰμιλίου
799 2895 1010 2984 ἀνθυπάτου]
1037 2904 1165 2965 Perseus
1188 2902 1241 2984 qui
1262 2902 1298 2964 M
1320 2902 1407 2965 lunio

316 2983 345 3048 A
368 2985 484 3048 Manlio
505 3004 583 3050 coss.
608 2995 756 3050 asenatn
776 3005 835 3051 rex
854 2987 1028 3069 appellatus
1047 2988 1157 3064 tuerat,
1177 2986 1278 3047 virtus
1297 2985 1408 3048 ddnde

317 3087 356 3131 ac
377 3076 484 3149 captus
506 3070 565 3131 luit
584 3069 625 3132 ab
643 3067 773 3132 Aemilio
794 3071 890 3133 Paulo
911 3071 1045 3147 consule,
1067 3077 1103 3131 ut
1125 3067 1232 3131 scribit
1251 3068 1336 3131 idcm
1357 3068 1408 3130 Li-

316 3151 395 3228 vius‚
415 3172 476 3214 non
496 3171 571 3215 rero
594 3155 775 3234 proconsule
795 3150 988 3227 ἀνθυπάτου,
1007 3159 1043 3216 ut
1062 3153 1107 3216 ait
1126 3152 1175 3213 bie
1187 3152 1408 3232 Porphyroge·

316 3234 407 3297 uitam.
448 3236 537 3298 Pauli
558 3244 657 3300 auum
677 3237 784 3300 concio
803 3237 845 3300 ad
864 3254 936 3299 suos
956 3253 1060 3299 coram
1072 3236 1185 3298 Perseo
1205 3235 1239 3297 iu
1259 3236 1408 3297 taberna-

317 3316 417 3377 culum
440 3317 612 3381 introducto
633 3320 741 3384 babita
762 3321 878 3401 legitur
899 3320 980 3400 apud
1000 3319 1130 3383 ldvinm.

400 3410 481 3478 ibid,
494 3423 543 3479 11.
585 3415 630 3489 εἰς
650 3411 708 3497 τήν
723 3409 857 3499 Ῥώμην]
878 3419 1007 3481 Perseus
1027 3418 1061 3481 in
1082 3416 1198 3481 coemto
1215 3433 1284 3478 cun
1305 3415 1408 3479 nibus

316 3495 388 3557 tiliis
407 3504 479 3558 onte
502 3517 621 3562 monum
641 3500 762 3566 Aemilii
783 3502 872 3565 Pauli
902 3501 1030 3566 victoris
1053 3519 1109 3583 per
1127 3500 1235 3565 urbem
1256 3499 1409 3561 dedamus

317 3584 373 3657 est,
389 3585 422 3640 ut
446 3581 541 3642 tradit
561 3583 676 3648 livius.

398 3672 480 3741 lbtd.
504 3686 553 3743 12.
602 3675 664 3744 dod
695 3681 859 3758 βασιλείας
885 3678 932 3753 εἰς
951 3679 1121 3760 ἐπαρχίαν]
1151 3679 1234 3743 victo
1253 3698 1295 3743 uc
1314 3684 1410 3760 captu

318 3760 429 3821 Perseo
450 3761 649 3826 Macedoniae
676 3783 805 3848 regnum
831 3766 1064 3848 improvinciae
1094 3766 1226 3827 formam
1246 3763 1410 3826 mactum

316 3842 411 3906 inisse
431 3844 536 3906 scribit
556 3845 702 3909 Livinei
728 3850 749 3911 l.

398 3921 481 3989 lbid
502 3929 552 3990 15.
594 3922 654 3986 tut
685 3926 908 4011 xoroeleoipcoe]
952 3931 986 3994 in
1013 3949 1078 3993 mss
1104 3929 1257 3993 Hieroclis
1288 3927 1410 4010 legitur

314 3998 377 4070 inl
410 4003 609 4087 eoooetdpeou
635 4017 666 4072 et
696 4007 759 4071 ono
793 4008 1035 4093 eouoooto'pcou,
1065 4014 1207 4077 nimirem
1233 4008 1296 4077 sub
1321 4027 1409 4074 eou-

314 4087 431 4156 sutori
474 4097 508 4155 nt
532 4094 695 4175 logenton
725 4094 835 4178 ubique
854 4088 916 4154 iud
936 4089 1164 4174 xooottca'pooo:
1191 4096 1264 4179 quip
1326 4093 1409 4156 Por·

315 4173 534 4259 pbyropenitus
555 4194 666 4259 supra,
695 4196 763 4242 cun
795 4178 835 4241 de
853 4178 1007 4246 'lbradae
1025 4182 1242 4262 praelectam,
1281 4184 1357 4242 occt
1375 4174 1410 4240 id
