2894 4872
143 241 186 305 no
214 238 481 335 conspuuntur
500 211 650 304 nonan.
679 239 734 301 nn
749 239 875 307 rnen
893 241 929 303 n.
950 244 975 304 t.
1035 241 1106 308 nro

32 416 158 475 mun
178 412 306 495 (singuli
326 408 601 494 repraesentabant
620 407 733 470 librum
754 406 785 470 ln
810 406 871 469 rlno
892 408 1046 473 volumina
1064 413 1110 475 cll.

33 494 135 571 vienn)
157 495 271 576 primru
301 497 520 576 imperatorum
542 491 804 569 renuntiationem,
832 489 997 571 vigesimus
1017 496 1111 574 septi.

31 594 90 638 uns
111 578 294 659 legationes,
333 576 584 659 uinquapesimus
605 574 734 636 virtutes
757 580 787 635 et
800 572 877 637 vitia
897 592 1113 642 commemora·

33 660 79 723 rit.
118 660 173 723 sel
196 679 296 744 neque
313 597 391 724 bulo
411 658 559 737 consihn,
581 675 641 739 quo
664 657 725 719 Por
744 655 948 737 hyrngeuitus
972 659 1113 738 praecla-

31 759 89 805 m
105 742 136 807 in
156 744 341 809 tolumnio
355 741 458 807 literis
478 740 588 805 mereri
609 676 819 815 muaubenat,
841 740 1001 820 respondit
1020 759 1113 803 even·

31 831 88 889 trs:
107 827 221 909 quippe
242 833 443 908 posteaquam
462 824 536 887 itloo
554 822 770 905 pandectarum
792 821 1011 885 flisancaruu
1034 842 1111 905 opus

31 910 116 987 nino
130 928 151 973 a
166 911 323 991 plerisque
342 907 513 991 legebatur,
527 906 713 971 limenorum
732 910 872 969 auctores
886 906 1111 987 quamplurimi,

30 992 180 1073 uqottus
195 993 273 1055 illud
289 998 358 1053 erat
370 991 576 1072 compositum,
590 988 731 1072 neglecti,
756 1007 823 1053 cnm
835 1006 896 1050 nou
911 989 1041 1070 amplius
1055 991 1109 1052 de-

29 1075 238 1155 scriberentur,
250 1075 371 1138 tandem
381 1074 631 1139 interieruntnou
643 1072 936 1169 absqucmagnorei
948 1072 1109 1139 literariac

29 1156 215 1223 detrimento.
236 1158 310 1239 quin
323 1157 397 1221 hanc
411 1157 479 1239 ipsa
490 1155 744 1238 Porphyrogcntti
756 1155 842 1217 iussu
854 1154 1035 1218 concinnata
1051 1156 1109 1218 mi·

30 1239 180 1305 nilnea
202 1240 292 1304 modo
305 1257 366 1303 nou
385 1239 487 1303 omnia
499 1239 665 1322 perierunt,
687 1237 850 1320 exquibus
870 1238 967 1301 libros
989 1245 1107 1302 tanturn

30 1320 104 1402 isos,
127 1322 305 1406 vigesimum
326 1323 482 1421 septimun
501 1323 539 1385 ‹lc
554 1321 760 1405 legationibus
775 1327 807 1384 ct
827 1321 1106 1403 quinquagesimum

31 1402 62 1466 le
77 1406 243 1469 virtutibus
262 1412 294 1469 et
306 1406 405 1485 vitiis,
424 1406 537 1469 iniuria
556 1412 724 1487 temporum
745 1403 868 1486 reliquit
887 1405 974 1467 nobis
998 1423 1106 1487 supcr-

30 1487 120 1553 atites:
142 1490 229 1553 illum
260 1490 379 1571 quirlem
399 1488 512 1571 partim
534 1488 660 1552 Funus
682 1485 819 1567 Ursinus,
840 1487 951 1585 partim
971 1488 1105 1553 [invides

30 1568 226 1651 llooechelins,
246 1572 325 1635 hunc
346 1589 421 1635 vcro
434 1571 554 1636 Nicolai
565 1569 853 1636 rainoireireseir
874 1571 1017 1634 beneficio
1038 1590 1105 1634 ser·

31 1659 121 1717 utu·
140 1655 289 1719 ilenrlcns
308 1654 466 1734 Valerius,
491 1654 532 1717 iis
553 1653 706 1736 excerptis
733 1652 854 1717 omissis
884 1671 962 1735 quae
989 1654 1050 1717 ism
1072 1655 1105 1718 iu

29 1736 174 1802 mrum
190 1739 335 1820 operibns
355 1737 523 1819 mutim
543 1736 662 1801 emissis
674 1735 916 1818 reperiebantur,
936 1735 1105 1800 ediderunt.

32 1834 65 1880 cx
83 1820 170 1885 libris
185 1828 286 1886 antem
307 1840 382 1904 quos
391 1819 611 1884 Constantinus
624 1818 692 1900 lpse
705 1817 886 1899 conscripsit
907 1818 1012 1899 plures
1032 1819 1108 1882 editl
1148 1826 1151 1833 ’

29 1897 177 1980 babeam,
199 1921 326 1987 quorum
348 1904 467 1985 aliquot
484 1901 518 1965 in
535 1919 625 1965 nurum
645 1901 789 1964 volumen
809 1901 963 1997 compegit
976 1902 1108 1963 loannes

29 1980 176 2065 temous
197 1988 336 2050 nimirum
357 1986 454 2049 libros
473 1984 551 2047 duos
570 1983 609 2046 ic
628 1983 812 2046 thematibus
835 1983 969 2045 Orientis
994 1988 1026 2045 et
1045 1984 1107 2044 Oc

29 2064 152 2149 olum,
172 2071 286 2133 librum
302 2069 343 2131 tle
366 2065 610 2131 administrando
630 2065 774 2146 imperio,
796 2065 937 2127 novellas
958 2065 1107 2128 constitu-

29 2147 114 2214 honen
134 2152 275 2233 aliquot,
293 2169 412 2213 amon
432 2151 637 2231 nomentum
667 2165 709 2211 cx
729 2164 822 2228 opere
842 2145 953 2209 menso
973 2146 1106 2213 eiusdem

29 2228 228 2297 ammaus
257 2233 313 2295 seri
334 2232 394 2296 hoc
413 2232 535 2331 quide·
565 2249 641 2314 opus
664 2230 807 2297 nonum
827 2229 892 2293 inte
1001 2238 1032 2293 et
1050 2230 1105 2294 ab·

27 2314 142 2379 aluum
164 2321 253 2380 extat
274 2333 321 2379 ms
348 2314 379 2379 in
402 2313 593 2379 Bibliotheca
611 2313 808 2379 Conliniaua.
850 2312 892 2375 ha
913 2321 1002 2377 entur
1021 2312 1104 2378 insu·

30 2411 73 2475 lm
97 2398 220 2481 aliqqot
251 2399 316 2463 alia
342 2398 489 2478 opuscula
524 2397 656 2462 omem
686 2395 944 2478 Porphyrogeniti
974 2397 1101 2463 seorsim

28 2477 115 2560 alita,
132 2489 228 2565 atqne
246 2482 279 2545 in
300 2481 407 2563 primns
434 2482 500 2547 rita
519 2479 626 2545 basilii
649 2480 702 2545 ari
730 2479 924 2563 imperatoris
945 2481 1101 2562 publicata

28 2561 138 2653 prmum
154 2584 175 2628 a
193 2566 298 2629 henne
318 2565 445 2644 silano,
466 2563 576 2628 deinde
595 2583 615 2629 n
635 2562 825 2644 combefisio,
847 2563 898 2645 qui
919 2571 951 2626 et
973 2565 1038 2628 eius
1059 2564 1098 2628 dc

29 2645 143 2736 μιν
164 2647 325 2713 Edessena
355 2647 564 2712 narrationem
611 2648 709 2712 ariter
728 2647 822 2710 edidit
842 2646 962 2710 (lraece
984 2654 1016 2711 et
1036 2648 1097 2711 ba-

28 2726 87 2803 ttle,
105 2736 138 2792 nt
158 2738 190 2793 et
209 2731 355 2808 anonymi
376 2730 534 2795 historiam
566 2731 589 2793 li
611 2731 655 2793 ris
675 2735 697 2793 4
726 2729 974 2813 comprehensam
995 2749 1017 2794 a
1037 2731 1097 2794 llli·

29 2804 394 2897 antonomasiam,
416 2816 448 2877 in
469 2832 557 2897 quem
581 2814 692 2877 desinit
711 2813 876 2877 chronicon
887 2812 1095 2895 Theophanis,

28 2903 104 2971 *lte
130 2896 170 2958 cd
189 2898 373 2962 blieballern
393 2898 593 2975 bicthystam3
642 2915 712 2960 nam
740 2896 861 2979 quilleno
887 2895 985 2979 ipsius
1014 2894 1095 2957 Cun-

27 2974 133 3061 ,bulini
148 2979 457 3060 iusseonsertpum
476 2986 608 3043 astant
622 2915 660 3042 bu
675 2979 746 3042 libri
766 2978 857 3040 titulo
878 2995 915 3040 ac
928 2977 1093 3058 prooemio,

26 3064 119 3146 'W
147 3068 179 3125 ct
197 3066 299 3128 vitam
316 3062 423 3131 naun
447 3060 623 3126 Macedonis
652 3061 692 3124 nb
722 3060 790 3140 ipso
809 3064 920 3140 nepote
942 3057 1095 3120 Constan-

24 3136 74 3197 Μ
93 3141 165 3208 mua
193 3146 351 3211 sermonis
379 3145 536 3227 elegantia
558 3143 761 3223 conscriptam
783 3139 905 3204 asserit
948 3140 1094 3203 laudans

25 3228 163 3293 Μῐα
182 3230 222 3294 ab
247 3228 368 3293 Allatlo
388 3228 420 3289 in
441 3245 498 3303 syn
585 3231 637 3288 ate
657 3222 696 3287 tle
709 3221 912 3302 Symcouibus
932 3240 1033 3285 sermo
1053 3223 1093 3287 de

25 3298 153 3371 lebttinere
172 3311 316 3396 nonoris
330 3310 365 3376 S.
388 3233 736 3452 lomntffmqsoscout
758 3307 791 3370 in
812 3304 932 3381 nrbem3
952 3306 1003 3452 qui
1025 3307 1089 3389 qui-

602 3409 613 3453 1

26 3375 79 3446 u.
102 3406 196 3457 eruo
232 3395 366 3461 tuno
400 3409 448 3456 m
477 3391 511 3455 u
544 3409 581 3453 ω

26 3465 103 3531 ¹¹¹¹·
120 3474 208 3541 etiam
228 3478 338 3542 stricta
358 3474 500 3540 oratione
517 3473 721 3554 composuisse
740 3470 970 3536 Constantinum
993 3474 1088 3539 tradit

27 3540 154 3618 ztoarno.
204 3578 245 3627 ex
276 3560 384 3643 quibus
403 3556 541 3623 omnibns
560 3556 722 3621 onusto
742 3557 838 3638 liquet
857 3554 1085 3621 Constantinum

26 3638 74 3691 Μ
89 3638 173 3701 nono
192 3644 288 3708 luisse
307 3643 446 3707 omnibns
466 3639 636 3722 disciplinis
656 3639 900 3717 amissimus,
918 3641 972 3702 seo
995 3648 1027 3704 et
1047 3642 1086 3704 li·

27 3710 138 3810 bfflmn
164 3725 300 3790 entim
329 3744 406 3808 pene
435 3724 539 3788 studia
574 3740 694 3787 rursum
723 3720 913 3787 instaurasse
941 3722 1085 3806 virosque

27 3793 139 3863 Utor
159 3808 325 3888 propositis
344 3808 490 3891 praemiis
511 3807 552 3872 al
574 3824 613 3871 ea
632 3806 839 3888 promovenda
858 3806 1015 3889 impulisse
1035 3807 1083 3886 ⁴⁵).

89 3900 135 3977 tl,
155 3900 198 3969 tt.
240 3907 493 3992 Porpbproqeniti
517 3925 684 3990 quomcn
707 3906 786 3971 nnio
805 3905 847 3970 sit
869 3919 967 3971 ortum
986 3904 1082 3987 pluri-

613 3408 648 3453 ce
669 3389 769 3472 liegio
799 3387 871 3450 olim
900 3389 956 3451 'l'el
972 3389 1086 3456 enarro.

77 4071 236 4143 'bbwdnrii
257 4093 320 4141 snnt
336 4103 403 4159 qnae
424 4104 477 4143 non
492 4044 684 4142 rhodanum
703 4087 881 4158 subscriptum
901 4083 1011 4134 habeut
