2894 4872
245 301 288 366 nn
314 298 585 367 consumunt
614 297 765 365 nonen.
792 299 848 362 nn
873 298 998 393 minu.
1027 301 1063 366 n.
1077 303 1120 366 u.
1157 295 1231 369 σου

146 468 196 534 hia
214 470 307 535 etiam
338 473 506 537 assentitur
531 470 590 535 nio
611 469 736 534 Cassius
756 470 778 533 Ι.
803 473 842 533 41
865 474 894 547 t,
916 468 962 532 ita
982 474 1081 534 minen
1100 479 1135 537 nt
1154 474 1229 538 snb-

145 553 262 617 dnhitct
282 574 353 618 num
373 557 435 620 duo
455 557 580 619 diversa
601 557 664 617 sint
685 552 815 635 oppida3
833 553 913 635 quod
935 552 1054 634 quidem
1072 552 1230 638 Appianum

145 637 376 700 Alexandrinus
403 638 494 703 Civil.
513 645 534 701 2
555 639 677 700 omnino
697 638 847 711 animun,
870 636 1010 717 inquiens
1030 637 1229 717 Epidamnum

143 720 268 865 paulum
287 729 436 784 remotum
450 723 570 799 amari,
584 720 805 798 llyrrhachium
822 736 898 781 vero
910 737 1008 800 prope
1028 718 1127 802 ipsum
1146 741 1230 785 marc

105 870 112 899 x
171 804 366 885 pidamniquc
397 806 510 869 navale
531 824 616 882 esse3
645 801 788 887 additque
818 802 877 865 hoc
905 803 986 865 falso
1012 820 1032 865 a
1054 803 1230 885 quibusdam

143 886 172 949 B
193 886 347 949 idamnum
367 886 488 967 dictum,
510 894 618 968 postea
638 894 739 950 tamen
758 888 803 949 sic
816 885 1000 949 nominatum
1020 904 1040 950 a
1059 886 1231 964 Corcyren·

144 907 241 1047 etius,
262 968 341 1051 qnod
364 970 546 1047 Dyrrhachii
566 988 673 1033 nomen
688 969 853 1033 ominosum
873 967 1058 1045 haberetnr3
1078 976 1232 1035 venustam

147 1060 250 1116 autem
269 1053 503 1135 appellationem
523 1055 633 1117 vicisse
654 1060 685 1115 et
697 1052 881 1131 llyrrhachii
901 1071 1010 1117 nomen
1028 1071 1163 1117 manere
1186 1053 1231 1116 sic

146 1135 304 1217 discrepat
325 1154 346 1198 a
365 1138 474 1200 ceteris
493 1138 629 1201 omnibus
644 1136 817 1218 Appianus:
839 1136 893 1198 ille
915 1135 1025 1219 quippe
1043 1134 1231 1213 Dyrrhachii

147 1220 451 1298 commonitionum,
471 1222 563 1283 ceteri
585 1220 744 1303 lipidamni
763 1218 897 1294 faciunt3
927 1219 981 1282 ille
1009 1220 1140 1283 nominis
1160 1238 1228 1283 mn-

146 1300 292 1365 tationcm
321 1301 574 1380 corcyrensihns‚
609 1304 704 1366 ceteri
732 1302 879 1366 Romame
905 1301 1091 1367 adscribunt
1135 1320 1227 1385 prae-

144 1393 233 1447 terea
250 1386 471 1461 Dyrrhachium
500 1388 612 1450 diemrn
639 1386 734 1449 inisse
763 1385 903 1449 nonnulli
925 1386 1111 1450 contendunt
1130 1405 1152 1449 a
1171 1404 1227 1448 no-

140 1467 224 1530 rnine
243 1468 325 1531 illins
342 1471 393 1552 qui
414 1470 482 1534 urbi
510 1478 630 1552 portum
661 1468 781 1533 adiecit.
823 1468 877 1532 alii
896 1468 1095 1545 llysrachium
1118 1469 1227 1551 appel-

140 1551 257 1631 larunt·
276 1558 309 1614 ut
332 1553 510 1618 Alexander
526 1555 559 1617 in
577 1573 635 1617 sua
654 1553 798 1634 Europae
818 1551 1023 1633 descriptione
1053 1552 1134 1634 apud
1156 1551 1226 1615 Ste-

141 1634 283 1714 phanum.
326 1637 503 1700 Eustathius
521 1637 594 1700 item
623 1637 657 1701 in
676 1634 900 1699 commentariis
929 1636 970 1698 ad
989 1636 1166 1713 bionysinn
1187 1635 1227 1698 de

141 1717 210 1779 situ
231 1718 321 1781 Orbis
341 1720 413 1782 iude
437 1721 566 1782 nominis
586 1719 802 1801 etymologiam
822 1717 961 1781 deducit:
985 1712 1021 1779 ’τὸ
1041 1716 1225 1795 Δυρράχιον

140 1796 233 1876 δηλοῖ
255 1797 290 1860 ἓν
316 1801 372 1881 τῆς
402 1797 551 1882 τοιαύτης
577 1794 714 1881 κλήσεως
741 1795 796 1879 τὴν
824 1797 882 1860 τοῦ
909 1794 1005 1859 τόπου
1035 1794 1226 1877 τραχύτητα.

138 1877 316 1960 δνσροὶχιον
336 1878 396 1962 γάρ
420 1882 516 1961 ἔστιν,
538 1874 640 1944 ὅέστι
659 1881 838 1959 δυσέξσχον.
886 1880 1010 1959 τρέψον
1029 1878 1065 1940 δὲ
1085 1876 1119 1940 sd
1141 1900 1160 1939 σ
1181 1878 1227 1952 εἰς

138 1960 396 2046 ρειῖφωνότερον
423 1968 566 2026 καλεῖται
593 1959 791 2045 Δυρράχιον,
816 1956 901 2022 καθὰ
932 1962 988 2023 καί
1005 1958 1041 2022 τὸ
1068 1956 1227 2043 Τυροηνὸς
1265 2003 1271 2011 ·

147 2040 315 2125 Τυρρηνός.
357 2049 428 2112 vide
449 2068 527 2132 quae
547 2048 626 2112 hanc
644 2049 678 2112 in
698 2066 762 2110 rem
782 2046 875 2109 babet
890 2046 969 2109 bion
986 2046 1116 2109 Nicacus
1137 2046 1158 2108 l.
1175 2050 1225 2111 41.

140 2137 278 2192 ceterum
292 2130 467 2194 llolstenins
488 2133 520 2195 in
545 2131 626 2194 notis
658 2130 699 2195 ad
730 2129 918 2211 Stephanum
946 2128 1055 2191 laudat
1073 2129 1227 2192 collectio·

140 2230 213 2274 nem
234 2213 386 2276 nominum
405 2216 574 2298 geograph.
595 2233 635 2277 ex
661 2231 708 2276 ms
733 2212 801 2278 cod.
822 2213 910 2292 Vae,
940 2212 992 2274 ubi
1012 2212 1057 2274 sie
1078 2211 1118 2273 de
1139 2211 1225 2274 huius

140 2294 273 2357 nominis
302 2298 504 2380 etymologia:
534 2288 718 2376 Δυρράχιον
751 2290 844 2367 πόλις
873 2293 1049 2374 καλουμένη
1077 2284 1227 2373 πρότερον

133 2371 336 2453 Ἐπίδαμνος.
379 2375 552 2460 ὠνομάσθη
579 2376 615 2440 δὲ
644 2369 846 2458 Δυρράχιον,
874 2369 924 2439 dre
953 2372 1035 2439 κατὰ
1056 2373 1113 2438 τόν
1133 2372 1227 2437 τόσον

135 2455 337 2540 προεχούσης
365 2450 462 2541 ἄκρας
485 2456 644 2542 γεωλόφου
669 2455 704 2521 τὸ
724 2465 811 2535 κῦμα
831 2465 1025 2539 προσπῖπτον
1043 2454 1098 2519 καί
1117 2453 1227 2538 σχιζό-

134 2559 231 2619 μενον
251 2533 367 2623 ῥαχίαν
386 2548 474 2605 πονεῖ
491 2539 638 2627 μεγάλην,
656 2532 734 2606 ὅθεν
754 2539 806 2605 διὰ
827 2541 885 2624 τὴν
897 2537 1079 2626 popenreut*
1089 2538 1123 2605 τὸ
1145 2539 1225 2603 drio-

139 2641 242 2705 ορμον
261 2620 363 2700 οὕτως
383 2624 566 2707 ὠνομάσθη.

220 2711 272 2788 56,
300 2716 350 2774 17.
398 2707 479 2789 μετὰ
504 2710 540 2772 δὲ
559 2706 614 2772 τὸν
637 2703 808 2785 Ῥνζόνικον
834 2702 971 2786 Accede]
993 2710 1135 2775 Totidem
1154 2727 1225 2770 ver·-

139 2789 188 2853 bis
208 2791 283 2855 haec
304 2793 398 2858 habet
421 2794 535 2858 Strabo
558 2794 580 2858 l.
603 2798 634 2872 7,
665 2794 726 2858 nisi
757 2793 838 2877 qnod
867 2792 910 2856 ibi
940 2794 1057 2874 legitur
1083 2785 1161 2868 μετὰ
1190 2790 1225 2851 δὲ

135 2866 192 2931 τὸν
206 2868 376 2949 Ῥιζόνικον
396 2872 531 2952 edinen
561 2877 643 2961 quod
662 2878 784 2959 quidem
801 2877 835 2938 in
859 2876 1061 2938 Constantino
1080 2874 1226 2936 subintel-

140 2956 259 3037 ligitur.
300 2959 381 3022 unde
409 2967 463 3023 aut
485 2960 562 3023 haec
583 2960 754 3037 Philonem,
784 2976 871 3041 quem
893 2957 943 3018 hie
960 2956 1070 3017 laudat
1088 2955 1226 3035 Porphy-

138 3040 308 3121 nogentem,
328 3041 469 3105 hausisse
489 3061 530 3105 ex
544 3041 698 3106 Strabone
720 3041 878 3103 dicendum
900 3046 957 3114 est,
978 3043 1031 3098 ant
1044 3036 1226 3102 Strabonem

139 3141 179 3185 ex
199 3125 336 3188 Philone.
378 3124 432 3186 sed
454 3125 520 3206 quis
551 3126 609 3186 iste
632 3124 719 3186 Philo
749 3124 790 3185 sit
816 3126 852 3184 ct
867 3138 926 3202 quo
946 3125 1083 3199 ternpore
1104 3119 1225 3196 vixerit,

140 3221 201 3270 nnn
222 3207 328 3291 liquet,
350 3226 416 3269 cnm
439 3208 544 3287 plures
564 3207 679 3269 luerint
697 3205 860 3282 Philonos,
887 3210 922 3264 nt
949 3208 1035 3282 patet
1056 3221 1096 3267 ex
1114 3202 1225 3267 vossio

138 3288 178 3350 de
205 3290 360 3354 historicis
381 3290 520 3352 Graccis.
572 3297 603 3352 et
629 3289 679 3351 hie
702 3288 823 3370 quidem
853 3285 999 3349 laudatur
1027 3285 1225 3370 aStcpbano

137 3372 226 3436 Philo
248 3372 281 3432 do
301 3377 366 3444 τοῖς
381 3371 550 3448 ’insperata
572 3373 704 3434 medicus
725 3371 779 3433 ille
799 3369 941 3432 fortassis
954 3370 1115 3434 Tarsensis
1137 3379 1225 3433 vetu-

136 3456 296 3529 stissimus.
314 3457 367 3539 qui
389 3475 411 3521 a
435 3455 555 3519 (iniens
576 3455 697 3518 citatur.
741 3460 773 3515 et
792 3453 866 3516 alibi
888 3452 1000 3534 passim
1019 3454 1165 3518 laudatur
1184 3454 1224 3517 ab

136 3540 243 3602 eodem
274 3538 433 3623 Stephano
464 3537 552 3600 Philo
572 3537 717 3615 Byblius,
745 3536 797 3684 pul
826 3536 955 3600 'l'raiaui
979 3544 1115 3618 tempore
1136 3536 1223 3600 vixit

136 3622 192 3685 sed
215 3622 254 3685 de
275 3623 455 3687 Philonibus
475 3624 576 3703 plura,
597 3627 631 3683 ut
653 3621 727 3698 dixi,
777 3620 885 3684 ossius.
928 3627 1061 3683 ceterum
1081 3618 1224 3702 quenad-

136 3704 257 3767 modum
288 3707 399 3771 dicitnr
433 3704 599 3769 &mnibus
633 3710 665 3767 et
692 3702 947 3782 Acrocorinthos,
978 3703 1026 3768 ita
1056 3703 1162 3768 hiesus
1194 3708 1224 3763 et

137 3787 332 3853 Acrolissus:
366 3789 477 3872 quippe
516 3796 551 3851 nt
589 3786 738 3851 Corintho
777 3786 1038 3862 Acrocorinthos,
1065 3786 1110 3847 sic
1136 3785 1224 3847 hisso

136 3871 313 4016 Amplissns
332 3872 452 3936 adiacm
471 3873 504 3935 in
535 3872 603 3936 alte
632 3890 717 3954 rupe.
732 3871 901 3936 aedilicata.
952 3868 1098 3945 Polybius
1116 3866 1150 3930 id
1169 3866 1225 3929 do-

138 3960 189 4018 cet
222 3957 282 4015 m

217 4033 301 4102 Ihtd
326 4041 374 4100 1⁹.
426 4034 465 4119 τῇ
484 4034 678 4118 χερρονήσῳ]
705 4037 904 4120 Epidamnum
924 4037 957 4100 in
977 4032 1089 4096 isthmo
1110 4030 1222 4109 penin-

135 4122 222 4187 sulae
241 4120 400 4185 cuiusdam
422 4122 513 4187 situm
534 4122 623 4185 docet
653 4127 684 4185 ct
703 4121 907 4198 Thucydides
949 4121 1083 4177 ceterum
1103 4129 1143 4174 ex
1165 4112 1224 4173 hoc
