2894 4872
314 272 385 341 976
660 268 1044 335 aalmaovaasrollas

314 447 399 510 ribus
420 462 440 505 a
459 441 534 504 viris
552 441 649 504 doctis
669 440 728 504 iam
743 441 926 522 disputatum
948 445 1005 504 est.
1045 437 1117 501 ride
1129 436 1296 501 anunm
1315 437 1405 502 nu.

314 524 397 593 iriam
419 527 457 587 de
478 525 716 602 byzantinarum
737 542 839 587 rerum
859 522 1058 605 scriptoribus
1081 523 1165 601 115,
1195 528 1228 582 et
1248 521 1407 605 Dncangii

312 621 469 691 utrumque
490 608 690 670 Glossarium.
877 606 880 615 '

406 697 458 767 11,
481 697 510 754 1.
553 689 638 763 θέμα
670 689 776 751 varias
805 686 1046 768 significationes
1075 685 1211 764 obtinet,
1243 686 1303 748 sed
1332 688 1404 769 quid

312 777 362 840 bic
383 775 535 855 significet
556 772 614 833 boc
635 791 745 834 nomen
765 770 902 852 pluribus
924 769 1025 850 capite
1056 770 1194 852 sequenti
1215 769 1310 831 docet
1327 771 1404 832 Por-

310 858 539 943 pbyrogenitus.
582 873 687 918 verum
708 854 781 916 mibi
812 872 874 914 non
894 852 1043 934 probatur
1062 853 1144 933 quod
1166 853 1211 915 ait
1231 854 1405 916 Vulcanius

310 945 343 1006 in
364 943 444 1004 notis
460 940 500 1002 ad
516 938 595 1000 bunc
605 936 864 1018 porphyrogeniti
882 935 990 1013 locum,
1012 931 1099 1010 θέμα
1114 937 1324 1016 provinciana
1344 956 1403 999 non

311 1024 496 1106 significare,
516 1036 611 1102 neque
635 1013 828 1097 θεματικαύς
853 1016 1083 1100 provinciales.
1126 1037 1196 1080 nam
1221 1019 1300 1081 licet
1320 1019 1406 1094 θέαι

311 1127 373 1171 non
390 1106 540 1187 significet
569 1105 721 1184 integram
749 1102 938 1183 provinciam
964 1103 1113 1164 eomodo
1137 1120 1196 1182 quo
1216 1103 1307 1182 prius
1327 1103 1406 1164 diri-

312 1210 376 1253 sum
398 1191 454 1250 fuit
477 1189 508 1250 in
531 1205 584 1249 eas
599 1188 766 1249 Romanum
781 1184 949 1266 imperium,
970 1203 1036 1246 cum
1051 1185 1205 1265 quaelibet
1218 1202 1259 1247 ex
1281 1186 1323 1247 iis
1344 1186 1405 1247 dis

312 1280 397 1335 secta
419 1272 511 1333 luerit
534 1271 566 1333 in
585 1271 675 1351 plura
695 1267 829 1343 θέματα,
855 1273 957 1329 tamen
977 1265 1103 1344 θέματα
1124 1268 1192 1348 ipsa
1209 1268 1407 1349 probiocelas

312 1355 400 1441 quasi
419 1354 550 1417 minores
571 1352 746 1433 significant
766 1357 798 1411 et
818 1346 987 1424 θεματικαί
1004 1348 1229 1432 provinciales
1250 1352 1406 1427 dicantur,

312 1439 392 1521 quod
414 1457 476 1500 non
496 1437 595 1498 solum
610 1441 695 1516 patet
717 1452 758 1497 ex
773 1434 822 1495 bis
842 1433 959 1495 duobus
981 1433 1241 1514 Porphyrogeniti
1266 1433 1312 1497 de
1334 1433 1407 1499 idc-

311 1517 452 1584 mutibus
484 1519 573 1584 libris
601 1519 656 1580 sed
677 1517 767 1580 etiam
788 1534 828 1579 eu
859 1516 930 1579 allis
950 1515 1098 1579 historiae
1111 1515 1307 1593 byzuntinae
1326 1518 1407 1581 scai-

247 1628 257 1669 o
313 1603 460 1687 ptoribus.
503 1602 574 1665 ride
595 1600 748 1682 liucangii
769 1598 872 1662 Gloss.
894 1598 1005 1662 Graec.

379 1683 480 1751 'ibid
503 1691 553 1748 10.
595 1674 818 1761 κεραυνοβόλας
839 1681 1035 1762 interpretati
1055 1699 1157 1744 summ
1177 1676 1407 1761 saluam,

315 1769 347 1834 id
369 1776 425 1849 est,
449 1769 549 1849 legio;
569 1767 679 1849 quippe
703 1765 834 1847 legionis
855 1764 1069 1828 fulminatricis
1088 1765 1199 1827 mentio
1219 1769 1408 1829 occurritis

316 1854 447 1937 qunque
478 1850 741 1931 inscriptionibus,
764 1865 840 1930 quas
862 1850 982 1947 profert
1006 1848 1098 1909 lanus
1121 1849 1285 1911 Gruterus.
1329 1868 1408 1932 quae

317 1946 417 2000 autem
445 1935 528 2017 legio
559 1934 591 1996 in
623 1933 706 1994 bisce
740 1931 986 2012 inscriptionibus
1016 1940 1048 1991 et
1078 1932 1169 1993 etiam
1197 1932 1274 1994 alibi
1296 1932 1410 1996 dicitur

317 2016 541 2102 fulminatrix,
562 2017 593 2078 in
605 2015 722 2078 Notitia
742 2014 923 2094 dignitatum
943 2014 1061 2094 imperii
1076 2014 1208 2076 ilrieads
1230 2017 1410 2095 appellatur

318 2100 479 2186 fulminea
497 2101 557 2162 sic:
577 2096 814 2182 praefecturae
829 2096 966 2179 legionis
986 2094 1194 2159 duodecimae
1206 2093 1409 2169 summ,

320 2182 508 2252 Melitonus.
524 2183 604 2245 unde
615 2183 762 2244 Heamcus
773 2180 913 2243 Valesius
922 2179 1044 2242 Eusebli
1060 2180 1235 2243 Ecclesiast
1257 2180 1332 2245 bisc
1354 2186 1411 2245 55

318 2268 457 2348 λεγεῶνα
492 2261 721 2342 κεραυνοβόλαν
759 2261 915 2345 legionem
944 2260 1134 2342 fulmineam
1164 2263 1410 2345 interpretem

317 2358 479 2432 monetque
500 2347 532 2410 in
553 2346 800 2410 annotationibus
819 2348 859 2409 ad
880 2348 1006 2409 eundem
1028 2346 1150 2408 liusebii
1171 2347 1270 2408 locum
1294 2368 1411 2427 κεραα.

316 2425 446 2507 ααβόλαα
465 2427 656 2510 summurn
675 2428 935 2510 interpretandum
958 2446 1035 2505 esse,
1057 2447 1120 2490 non
1137 2426 1410 2508 fadaiaatricen,

318 2520 354 2577 ut
376 2512 549 2593 (loupbrius
573 2520 604 2573 et
624 2510 769 2592 Scaliger
789 2513 912 2593 aliique.
954 2511 1009 2573 sed
1027 2512 1095 2575 rolli
1116 2512 1272 2586 valesium
1295 2513 1358 2577 bac
1379 2515 1410 2577 in

318 2612 354 2658 re
374 2612 462 2655 neruo
492 2611 554 2655 noo
582 2593 682 2656 videt:
713 2611 783 2656 narn
811 2593 1023 2675 inscriptiones
1064 2595 1186 2657 omnino
1219 2598 1411 2661 contrariu

320 2677 439 2738 docent
482 2681 513 2735 et
535 2676 683 2738 fulminea
703 2676 806 2757 itaque
827 2682 857 2737 et
877 2677 1067 2741 fulminatrix
1095 2677 1179 2759 legio
1201 2679 1258 2742 illa
1276 2682 1350 2757 ΧΠ,
1372 2682 1411 2744 ab

319 2758 462 2840 Augusto
481 2757 620 2820 instituta
643 2763 675 2818 et
696 2776 716 2820 a
735 2759 925 2839 Vespasiano
955 2762 1139 2841 imperatore
1159 2761 1190 2823 in
1209 2760 1413 2909 Cappadocia

319 2843 432 2919 loma,
455 2845 629 2921 nuncupata
649 2840 715 2903 ruit
756 2848 888 2902 ceterum
910 2843 988 2924 quod
1010 2843 1055 2905 ait
1069 2843 1217 2907 blrrsebius
1238 2845 1259 2908 l.
1299 2847 1414 2922 ‚banc

321 2924 472 3007 legionem
501 2917 727 2999 κεραυνοβόλον
755 2925 941 3004 appellatam
969 2925 1064 2987 luisse
1095 2928 1285 2991 lildutonino
1317 2930 1414 3012 inpe-

321 3015 421 3087 rante,
440 3006 521 3089 quod
542 3023 608 3068 cum
631 3006 780 3068 adversus
796 3006 967 3069 Germanos
987 3021 1018 3069 et
1039 3009 1200 3075 Sarmatas
1217 3020 1416 3093 pugnarum

322 3090 418 3155 aciem
438 3091 604 3153 instrueret
625 3096 655 3149 et
672 3089 722 3150 siti
749 3108 815 3150 cum
835 3090 972 3152 exercitu
991 3093 1200 3169 conficeretur,
1223 3096 1376 3175 precibus
1396 3117 1416 3160 a

322 3171 446 3235 Christo
470 3172 602 3254 pluviam
626 3171 708 3253 legio
733 3171 797 3251 illa,
818 3191 895 3254 quae
919 3173 1095 3238 Christiana
1125 3186 1202 3255 erat,
1223 3179 1417 3258 impetravit,

322 3260 355 3314 et
377 3255 533 3317 fulminum
553 3256 635 3317 iactu
658 3254 789 3316 bostium
811 3255 918 3336 copiae
937 3256 969 3318 in
989 3258 1095 3337 bugam
1115 3278 1226 3322 versae
1249 3279 1289 3322 ac
1311 3264 1417 3325 extio·

322 3341 390 3395 ctae
411 3338 516 3413 luere,
537 3337 708 3400 iamdudum
728 3337 844 3399 mourut
872 3337 1017 3419 Scaliger
1038 3341 1071 3402 io
1093 3342 1417 3409 animadversionibus

323 3414 503 3479 Eusebiauis
523 3421 676 3500 legionem
697 3420 928 3483 fulminatrieem
950 3421 990 3483 ab
1009 3422 1066 3483 boc
1085 3424 1234 3487 miraculo
1254 3444 1419 3510 nuncupa.

322 3505 384 3560 tam
405 3515 467 3559 non
488 3500 592 3580 iuuisse,
613 3503 722 3583 quippe
743 3521 821 3583 quae
842 3502 893 3564 diu
916 3509 989 3564 ante
1008 3510 1147 3586 tempora
1163 3508 1350 3572 lildntonini
1374 3514 1421 3575 ita

323 3586 433 3677 vocata
453 3580 554 3643 fuerit.
597 3584 686 3645 docet
709 3586 738 3645 id
769 3585 929 3647 manifeste
946 3586 1006 3648 llio
1028 3588 1155 3651 Cassius
1177 3591 1199 3653 l.
1219 3596 1273 3670 55,
1296 3594 1351 3656 ubi
1373 3597 1421 3657 le·

322 3669 847 3826 tiltrlltrtlltrtrtt
861 3672 1154 3836 ‘dicibili
1167 3686 1422 3824 tollatis

323 3826 487 3920 philinus&
504 3826 556 3906 qui
584 3829 810 3906 κεραυνοβόλαν
837 3832 988 3913 legionem
1016 3833 1105 3900 illam
1126 3842 1318 3921 appellatam
1350 3864 1423 3907 me

323 3909 367 3971 ait
386 3908 425 3968 ob
448 3908 627 3970 miraculum
648 3911 722 3973 iilud
747 3913 827 3995 quod
856 3916 949 3995 pardo
972 3921 1113 3998 superius
1133 3941 1175 3986 ex
1194 3923 1334 3987 Eusebio
1357 3940 1422 3991 ια.

323 3990 461 4063 culinus,
482 3994 517 4049 ut
537 3994 646 4069 putant
664 3992 724 4055 viri
745 3995 834 4057 docti.
856 4016 886 4059 v.
910 3998 1014 4062 Vales.
1039 4003 1061 4063 l.
1082 4002 1105 4065 Ι.

404 4067 550 4136 litato.
593 4062 673 4152 ἄλλη
695 4073 935 4159 Μαρμαριτόα]
957 4082 991 4146 in
1012 4084 1132 4147 Noricis
1151 4086 1346 4169 dignitatum
1367 4093 1424 4158 in-
