2886 4850
309 250 351 312 ru
381 245 658 312 sruscnunuu
683 244 1008 315 couuruuuhurus
1126 235 1198 313 stt

185 423 263 499 399,
286 423 336 483 16.
379 411 525 498 Arouioi]
546 410 641 488 ’πόλις
668 413 816 479 Λεόντων
838 418 1014 483 Ptolemaeo
1033 419 1118 483 chen
1137 416 1204 484 Bu)

95 503 255 571 sinticius
276 519 416 581 amnem,
436 503 517 564 unde
536 503 602 562 eius
631 501 664 564 ln
683 502 837 584 Ephesius
855 505 987 567 concilio
1008 525 1038 585 p.
1052 507 1115 567 474
1135 506 1200 585 epl-

97 606 220 671 scopns
241 586 437 650 Metrodorus
458 579 609 645 Λεόντων
624 585 750 650 dicitur.
792 605 849 648 nec
870 587 1074 650 damnandum
1097 594 1201 651 tamen

95 680 247 737 nostrum
270 677 326 748 est,
347 670 428 752 quod
460 671 590 731 sunniam
610 669 797 751 Aegyptiam
828 674 974 751 praefert,
995 678 1027 734 et
1045 679 1202 752 receptum

96 757 184 819 sotus
207 761 265 817 est·
314 751 486 833 Xenophon
513 752 704 832 npoesiuoo
731 756 838 835 p.56:
867 747 1046 825 διελθόντες
1075 752 1136 830 μὲν
1166 751 1202 815 ol

102 837 202 901 rano
230 831 285 898 ἐπὶ
314 828 445 898 Arouioi
476 826 621 911 ἔρχονται
642 831 744 899 πόλιν.
793 837 839 899 sic
858 838 937 902 enim
956 837 1202 920 ingeniosissime

98 923 269 1004 uulgatum
298 917 404 979 ταῦτα
430 919 478 983 Ti·
509 919 754 982 llenrsterhusius
774 922 908 985 retinxit
949 923 1036 985 Nilus
1057 922 1203 1003 Duxepa·

99 1007 187 1069 trius
208 1006 295 1084 (tom.
317 1004 331 1065 l
350 1005 426 1067 Ver.
450 1002 522 1067 Sne.
550 1004 594 1066 Le
615 1005 727 1080 llloyue
757 1024 787 1086 p.
806 1005 884 1084 223)
908 995 965 1084 τὴν
985 1000 1118 1067 ¹Aeovroi
1139 1023 1204 1067 me·

98 1089 243 1169 euopolis
270 1086 528 1171 dugurstamnicae
556 1087 709 1151 secundae
731 1106 799 1152 esse
828 1089 883 1165 ait,
935 1088 1007 1153 uide
1036 1089 1106 1153 ltin.
1129 1089 1202 1155 Ant.

191 1268 276 1339 itud
309 1258 475 1347 ’ΛθριβιςῙ
503 1267 564 1333 fuit
593 1269 625 1333 in
654 1271 835 1353 cognomine
854 1290 962 1349 nomo,
984 1290 1047 1336 non
1067 1273 1163 1336 multo
1184 1292 1205 1335 a

101 1358 244 1421 moun
264 1352 341 1417 urhe
360 1353 528 1418 associata
547 1355 647 1433 spatio
662 1356 743 1436 apud
760 1357 974 1419 Ptolemaeum.
997 1356 1091 1420 habet
1112 1358 1205 1420 etiam

101 1440 269 1504 Palladius
296 1438 489 1501 nicenum.
516 1457 542 1500 c.
562 1440 622 1515 35,
654 1439 708 1501 ubi
731 1440 940 1522 maximopere
969 1441 1082 1504 vellem
1097 1441 1138 1504 ab
1159 1441 1204 1503 lo.

102 1523 246 1587 Meursio
273 1521 350 1585 nihil
378 1521 474 1583 fuisse
503 1521 691 1603 adscriptum
719 1520 796 1598 περί
813 1520 868 1599 τῆς
887 1520 1051 1600 Αἰθρίβου
1074 1518 1205 1597 πόλεως,

104 1626 150 1670 ex
168 1624 231 1689 qna
252 1613 367 1669 sectam
380 1603 601 1667 bluhemmedis
625 1604 774 1686 prodiisse
790 1606 935 1670 zonaras
946 1606 1105 1670 Cedrenus
1125 1607 1206 1671 coo

102 1691 321 1772 nuntiansque
351 1689 521 1769 imperatur
552 1688 733 1768 prodidere:
761 1708 800 1752 ea
826 1692 906 1753 euim
934 1690 973 1753 ab
994 1689 1125 1754 Athribe
1148 1690 1208 1753 hee

104 1776 205 1839 unite
228 1779 276 1834 est
295 1771 522 1849 diversissima,
544 1772 656 1853 quippo
684 1773 716 1837 in
736 1773 843 1837 intima
863 1772 983 1837 Arabia
1003 1775 1123 1855 positar
1144 1792 1208 1837 non

103 1859 203 1922 aliam
225 1855 304 1919 enim
327 1875 394 1919 esse
414 1874 453 1918 ec
471 1853 646 1931 lllediuam,
673 1875 752 1939 quae
773 1856 869 1921 latrib
891 1856 982 1933 olim,
1007 1856 1208 1921 certissimum

105 1949 167 2005 est„
212 1938 503 2003 viennensium
528 1938 560 2000 iu
583 1939 747 2022 Aliergan.
775 1945 865 2024 ped·
906 1940 946 2003 de
970 1938 1123 2024 lleliupnli
1140 1940 1210 2004 siro

107 2024 221 2086 le'ou
242 2024 314 2086 Ant.
334 2023 403 2086 ltin.
426 2028 542 2106 pm.

194 2121 282 2187 ibid.
325 2118 521 2198 Βούβαστος]
545 2122 689 2205 apposita
710 2123 769 2186 init
782 2121 947 2186 bubastim
966 2120 1073 2197 llnvio,
1094 2120 1209 2187 enio-

106 2226 161 2282 na,
184 2226 263 2289 qnae
276 2205 439 2290 Aegyptiis
451 2201 636 2282 Bur'pinnrer
658 2207 739 2288 apud
759 2205 988 2269 Herodotum
1011 2211 1082 2284 137,
1103 2206 1135 2269 id
1153 2224 1228 2269 nn..

105 2290 201 2363 riuis
224 2291 344 2353 sortita.
396 2290 529 2353 lierrnun
561 2288 617 2368 τῆς
638 2287 871 2365 Βουμαστικῶν
897 2307 955 2373 pru
979 2288 1208 2368 novenorum
1313 2375 1315 2377 ι

108 2376 213 2439 estin
233 2384 305 2438 tum.
325 2380 347 2437 3
365 2373 441 2436 blaii
462 2374 529 2438 Act.
552 2373 586 2435 S.
608 2394 638 2456 p.
651 2379 704 2436 71.

198 2472 281 2538 ned
325 2465 502 2571 Φάρζιθος]
525 2482 641 2536 rectum
671 2481 718 2537 est
740 2465 938 2553 Φᾰρβαιθος,
956 2478 992 2537 nt
1014 2473 1208 2537 Ptolemaeus

109 2564 144 2621 et
167 2555 427 2640 stephanosas
450 2555 628 2638 Φαρβητος,
657 2558 806 2640 quomodo
830 2557 946 2621 Strabo
966 2565 998 2621 et
1017 2558 1207 2641 Epiphanius

110 2642 144 2705 iu
159 2641 273 2723 Expos.
295 2640 366 2703 ndei
387 2659 413 2703 e.
424 2645 466 2703 12
486 2660 516 2722 p.
529 2646 624 2705 1093.
667 2644 770 2706 sedem
783 2643 857 2709 urbs
870 2641 1155 2707 interilubesticum
1176 2647 1209 2703 et

109 2724 309 2789 Busiriticum
328 2734 433 2788 amnes
454 2723 598 2787 habebat.

195 2839 281 2907 itte
319 2836 472 2920 sspoduh]
493 2841 678 2924 intelligitur
699 2863 807 2908 numus
826 2841 1083 2915 Arabicuscircn
1099 2839 1233 2905 nona--

112 2927 222 3007 plima
242 2926 364 3003 flurium
388 2925 533 2989 Arabiam
564 2944 672 2988 versus
701 2935 870 3009 protentus.
913 2926 1067 3009 ceteroqui
1090 2932 1123 2988 et
1144 2925 1209 2988 alia

111 3004 232 3076 Arabia
251 3002 424 3092 cognomini
452 3010 532 3072 sinui
551 3009 679 3072 conlisis
708 3020 739 3073 ct
760 3011 792 3073 in
812 3008 1005 3091 Aethiopiam
1028 3010 1208 3091 pertingens

112 3096 147 3159 in
169 3096 311 3174 Aegypto
333 3100 411 3157 erut
469 3091 581 3155 nobilis
614 3112 654 3157 oa
674 3101 721 3156 est
741 3111 892 3156 marmore
911 3092 1100 3174 porphyrite,
1122 3092 1207 3154 cuius

112 3179 157 3244 ibi
177 3179 311 3254 metelle,
331 3176 385 3240 scd
410 3183 441 3239 et
461 3176 634 3241 aridissime
656 3178 724 3239 solo
744 3185 836 3259 atque
857 3176 960 3239 arenis
981 3176 1105 3240 infamis
1126 3176 1208 3279 apud

113 3261 282 3327 Aristidem
314 3266 430 3324 tomis
459 3281 489 3342 p.
504 3265 576 3323 587.
619 3269 712 3343 atque
730 3260 795 3338 bic,
818 3267 904 3341 puto,
930 3258 990 3323 fuit
1011 3277 1209 3342 uoppuprrqr

112 3340 219 3419 τόκος,
243 3344 328 3407 cuius
349 3344 508 3408 Palladius
530 3342 607 3408 nist
632 3345 723 3408 haus.
750 3363 776 3406 e
799 3349 840 3406 42
862 3344 1015 3419 meminit,
1037 3350 1068 3406 et
1089 3361 1208 3409 eremus

113 3429 297 3510 Porphyrio,
320 3444 411 3511 quam
432 3430 471 3491 ab
492 3427 613 3511 oppidis
634 3438 687 3491 aut
701 3427 859 3491 habitabili
879 3435 965 3490 terre
986 3434 1102 3511 septem
1122 3447 1209 3491 mnu·

113 3514 253 3577 sionibus
274 3512 324 3574 vel
354 3531 390 3574 eo
409 3512 539 3592 amplius
566 3520 740 3609 separatam
774 3511 940 3574 Cassianus
959 3511 998 3573 de
1022 3513 1105 3594 Spir.
1131 3513 1209 3575 Aee·

114 3597 188 3660 diue
208 3602 229 3658 7
250 3595 433 3681 ruptone:
467 3594 544 3658 bene
565 3613 644 3658 curm
668 3595 715 3657 illi
739 3594 769 3656 in
797 3596 891 3657 eremi
918 3596 1123 3677 descriptione
1142 3612 1209 3657 cum

115 3679 253 3745 Aristide
274 3680 426 3742 convenit
451 3679 481 3741 id
506 3697 582 3740 vero
603 3679 711 3741 mirum
731 3678 852 3755 accidit,
870 3678 1060 3757 Babylonem
1079 3678 1119 3743 ab
1137 3677 1209 3741 llic·

114 3765 202 3828 rocle
234 3764 266 3827 in
295 3764 355 3826 bac
387 3763 547 3845 provincia
577 3762 715 3844 negligi,
738 3761 815 3824 setis
843 3782 899 3826 sua
922 3771 1025 3827 aetate
1048 3763 1207 3826 celebrem.

114 3849 227 3912 aberat
247 3847 287 3910 ab
307 3847 441 3910 Arabim
462 3848 541 3921 sinu,
564 3849 592 3910 si
607 3846 747 3909 iumentis
766 3847 971 3911 sarcinalibus
983 3848 1042 3910 iter
1061 3845 1208 3928 ingrede-

115 3938 232 4009 rentur,
251 3931 419 3994 intervallu
432 3938 578 4012 quattuor
592 3930 716 4011 dierum,
738 3931 818 4013 quod
832 3939 933 3993 tamen
945 3929 1104 4013 expeditus
1117 3945 1210 4012 eques

114 4016 209 4077 nnius
229 4014 290 4077 diei
313 4022 345 4076 et
366 4016 465 4077 noetis
484 4015 616 4077 decursu
639 4014 802 4077 oosotvero
823 4022 953 4096 poterat
997 4014 1054 4079 bne
1072 4014 1115 4073 lo.
1137 4011 1210 4074 Phi·

115 4098 248 4180 loponus
269 4098 309 4159 de
331 4098 435 4161 blund.
453 4096 557 4162 t’reot
578 4102 599 4159 4
621 4084 710 4163 b'his
734 4099 847 4178 verbis,
865 4114 944 4180 quse
965 4094 1132 4160 Corderiuu
1146 4110 1214 4161 uou‘
