2892 4860
563 700 779 778 MEURSII
804 696 1096 776 PRAEFATIO

366 838 503 916 LIBRI
525 836 595 914 DE
619 834 1046 915 ADMINISTRANDO
1071 830 1340 911 IMPERIO.

659 1039 826 1115 BENIGNE
846 1040 1007 1106 Lecton.
1085 1063 1088 1073 ·

369 1193 552 1280 Compeiiebo
578 1204 607 1258 te
635 1193 683 1259 his
705 1194 734 1258 in
757 1192 869 1273 limine,
890 1192 942 1257 sed
962 1194 1067 1280 paneis.
1110 1191 1212 1276 eeeipe
1238 1187 1429 1253 Constanti·

285 1321 367 1377 num,
402 1313 431 1366 et
457 1324 511 1387 pro
537 1300 690 1377 beneficio,
723 1299 748 1364 ei
775 1321 832 1363 non
859 1301 993 1385 gratiam,
1025 1309 1102 1363 eerte
1130 1298 1271 1362 favorem
1306 1291 1422 1357 redde.

284 1405 354 1470 nihil
380 1419 495 1491 praeter
519 1409 597 1473 idom
624 1421 709 1495 peto;
738 1426 830 1491 neque
849 1405 941 1490 magis
965 1406 995 1469 in
1016 1404 1136 1489 proclivi
1163 1405 1331 1486 quiequam
1363 1398 1424 1461 tibi

286 1511 365 1576 dere.
409 1514 482 1577 seins
503 1526 593 1579 entem
609 1512 681 1578 nnde
698 1510 827 1577 habeam.
870 1511 1005 1597 descripsi
1022 1524 1087 1576 ente
1104 1522 1235 1596 qnettnot·
1256 1528 1360 1571 annos
1377 1527 1421 1568 ex

286 1617 384 1682 oodiee
406 1621 453 1702 qni
475 1632 517 1684 est
538 1621 568 1685 in
587 1619 759 1684 bibliotheca
778 1616 903 1682 Palatino
930 1630 959 1681 st
986 1618 1097 1682 ioannis
1113 1617 1266 1701 demisse
1286 1611 1419 1699 Egnatii

286 1720 354 1786 oiim
375 1722 459 1789 inisse
482 1724 653 1812 perhibetur.
696 1724 748 1788 sed
770 1744 861 1809 neque
885 1723 1106 1788 dissimulandum
1121 1722 1170 1786 hio
1187 1741 1304 1785 oenseo
1323 1738 1426 1803 quem

287 1826 397 1892 nultum
414 1827 469 1892 hoe
487 1831 548 1916 ipso
566 1832 677 1895 nomine
694 1828 812 1894 debeam
827 1830 889 1893 viro
903 1829 1088 1914 emptieimo,
1111 1828 1245 1914 Georgio
1265 1823 1412 1910 Lingeis·

286 1933 397 2012 hemio,
420 1934 597 2001 serenissimi
614 1934 744 2000 eleetos-is
762 1935 936 2011 consiliario,
953 1934 1000 2019 qni
1017 1946 1046 1998 ot
1064 1936 1093 1999 in
1110 1934 1207 1998 literas
1225 1945 1255 1997 et
1272 1932 1411 1995 literatos

288 2059 384 2105 omnes
406 2053 434 2105 et
454 2042 484 2105 in
504 2063 549 2106 me
570 2042 700 2127 privatim
717 2042 838 2130 egregie
859 2039 973 2104 effeetus
990 2051 1049 2117 est,
1071 2060 1182 2103 omnem
1200 2037 1282 2101 iiiam
1301 2039 1408 2101 instru-

288 2145 434 2210 ctissimam
459 2145 657 2211 bibliothecam
681 2169 738 2233 pro
760 2142 876 2212 arbitrio
897 2145 1031 2211 traetendi
1052 2146 1163 2209 veniam
1186 2142 1260 2207 mihi
1283 2164 1304 2205 e
1325 2141 1406 2226 prin·

289 2251 353 2335 cipe
374 2274 424 2316 eno
446 2253 611 2337 impetravit.
655 2256 720 2339 quin
747 2253 864 2315 necessit
887 2250 941 2314 hue
962 2271 1072 2336 quoque
1095 2250 1212 2314 comitas
1236 2271 1266 2313 v.
1288 2270 1314 2312 o.
1340 2246 1405 2312 leni

289 2354 419 2429 Gmtori,
452 2357 513 2418 eins
536 2356 690 2440 praefecti,
723 2378 777 2442 per
793 2377 874 2441 qnetn
891 2355 965 2420 libet·
981 2355 1051 2421 mihi
1068 2355 1192 2453 quotidie
1210 2354 1249 2417 ed
1268 2376 1335 2419 eam
1352 2376 1403 2418 se-

292 2480 386 2522 eessne
408 2459 502 2555 detuit.
546 2481 600 2544 quo
626 2458 765 2525 beneflcio
788 2460 861 2524 adeo
877 2482 922 2525 me
939 2462 1049 2547 quidem
1064 2475 1179 2544 stetque
1197 2460 1253 2524 sibi
1273 2461 1403 2525 devinxit

291 2575 320 2627 ut
336 2563 447 2649 publice
464 2562 494 2625 id
511 2562 558 2628 hie
573 2563 752 2650 profitendum
766 2565 988 2630 existimaverim.
1031 2589 1089 2655 ago
1105 2568 1191 2652 igitur
1206 2569 1316 2651 gratias
1329 2591 1402 2652 ques

291 2689 403 2753 possum
422 2670 570 2743 maximns;
600 2691 669 2753 ques
686 2681 715 2732 tn
732 2690 839 2756 quoqne
856 2691 926 2757 ngas
941 2669 1022 2747 lieet,
1043 2670 1180 2756 siqnidem
1201 2675 1300 2758 operis
1316 2674 1400 2738 huius

291 2772 415 2837 editione
430 2776 548 2861 geetinm
562 2796 580 2838 e
593 2786 623 2839 te
636 2773 719 2838 elien
732 2795 789 2860 ego
803 2773 879 2838 inivi.
921 2774 976 2839 hoe
989 2776 1118 2841 volebam
1131 2778 1242 2842 nesoios
1255 2800 1293 2844 ne
1307 2801 1395 2846 esses.

292 2877 357 2943 vele
376 2890 419 2955 et,
442 2879 563 2966 quisquis
580 2901 628 2956 es,
651 2879 841 2946 aeternitatem
858 2879 961 2965 eogite.
