2892 4860
353 300 378 371 4
797 292 999 362 veneten

352 464 455 529 Vestro
474 459 610 525 beneficio
630 457 775 523 inventutis
793 458 877 521 decus
891 458 928 520 sit
943 465 1161 540 recuperaturus.
1203 475 1260 541 qno
1275 454 1399 539 quidem
1429 478 1437 519 1

353 570 427 634 mine
439 565 606 629 immortales
619 563 722 638 Vobis,
739 563 866 648 quamdiu
880 561 978 636 stabit,
994 563 1101 649 gratias
1116 559 1239 624 debebit.
1283 572 1375 643 mque
1389 575 1437 622 ut

351 673 568 761 praesentiarum
593 670 630 735 de
650 668 765 733 utilitate
784 667 852 732 nihil
873 668 963 730 diram
980 687 1053 753 qnae
1073 687 1109 727 ex
1124 665 1181 728 boe
1195 687 1288 751 opere
1301 668 1340 730 ad
1357 691 1437 731 om

350 781 478 865 autiquae
500 777 715 860 reconditaeque
737 774 880 836 murinae
897 773 1033 837 studioses
1051 784 1094 834 est
1112 784 1296 855 perventura,
1320 796 1400 860 qnae
1434 807 1437 831 i

350 883 477 971 prolecto
498 883 631 957 maxima,
654 879 823 953 excitabitis,
845 879 926 942 immo
946 875 1150 942 inflammabitis
1171 877 1269 942 illustri
1292 879 1349 941 bae
1372 903 1437 965 qun

350 987 527 1075 praeluxistis
547 986 609 1051 lace
629 989 711 1051 etiarn
734 985 819 1059 alies,
841 996 868 1047 ut
883 984 1009 1069 quicquid
1026 984 1177 1049 lacerarem
1192 1006 1228 1048 ex
1241 984 1298 1048 boe
1313 1005 1437 1048 commu

349 1092 579 1158 bibliothecarum
599 1091 775 1177 belgicarum
794 1088 942 1175 naulragie
960 1089 1111 1155 tabularum
1129 1091 1166 1154 ad
1185 1093 1262 1176 ipsos
1275 1110 1437 1175 pervener·

349 1202 412 1287 pari
435 1198 579 1261 alacritate
603 1196 630 1260 in
654 1221 729 1261 osum
749 1196 883 1283 pnblieum
903 1195 1056 1263 conterant.
1097 1220 1212 1283 quornm
1227 1198 1254 1260 in
1269 1218 1384 1260 numere
1404 1221 1437 1259 un

349 1328 412 1371 tuen
429 1328 517 1369 metum
532 1303 621 1368 libens
634 1302 778 1388 profiteor.
820 1303 981 1389 simulatque
995 1306 1066 1368 enim
1081 1303 1188 1367 consilii
1203 1304 1297 1369 Vestri
1310 1306 1437 1368 ratione

349 1413 385 1477 de
407 1412 503 1498 operis
525 1409 604 1473 buins
624 1410 745 1473 editione
765 1412 900 1493 cognovi,
923 1412 1065 1475 continere
1087 1431 1132 1473 me
1152 1430 1207 1471 non
1224 1411 1299 1494 potui
1318 1413 1387 1494 quin
1416 1425 1437 1473 t«

348 1519 436 1582 standi
452 1515 551 1602 privati
566 1516 620 1579 mei
635 1515 730 1601 gaudii
744 1516 878 1602 studiique
893 1538 962 1603 erga
976 1538 1036 1580 rem
1050 1515 1200 1580 literariam
1214 1538 1296 1578 causa
1309 1515 1437 1580 Constat

334 1610 430 1690 'tinum
445 1621 734 1707 Porpbprogennetam
748 1623 816 1703 rasel
830 1622 988 1703 θεμάτων,
1011 1635 1151 1686 auctorem
1172 1644 1304 1707 nunqnam
1325 1621 1437 1685 antelru

349 1732 467 1805 editum,
490 1729 605 1813 primum
625 1748 642 1788 e
662 1725 750 1789 multis
770 1730 927 1813 arriperem
949 1730 1105 1816 publiciqne
1126 1730 1192 1791 iuris
1212 1727 1342 1790 iacerem.
1385 1739 1437 1791 trs

348 1857 417 1900 vere
434 1855 533 1899 eaesae
548 1832 653 1895 luerunt
667 1831 763 1917 quibus
777 1835 906 1899 adductus
920 1834 1108 1923 dignissimum
1122 1857 1183 1898 euim
1199 1834 1314 1899 iudicavi
1329 1833 1374 1917 qui
1391 1820 1437 1896 uu

348 1944 502 2028 eodemque
526 1928 727 2022 temporeque
747 1953 862 2003 renatae
884 1953 942 2004 sunt
964 1941 1041 2005 orbis
1061 1941 1195 2014 deliciae,
1218 1941 1272 2003 boe
1290 1950 1331 2002 est
1347 1941 1437 2003 inser?

346 2050 456 2135 ptiones
471 2047 605 2119 Vestrae,
625 2046 654 2107 in
669 2045 849 2109 clarissimam
863 2032 1011 2110 doctissimi
1027 2046 1106 2110 buius
1123 2047 1208 2110 seculi
1226 2048 1313 2109 lucem
1332 2046 1437 2129 amplis

346 2155 408 2217 simi
423 2152 539 2216 neminis
553 2151 646 2216 Vestri
662 2149 791 2236 auspiciis
804 2153 939 2237 prodiret.
972 2155 1062 2237 prima
1076 2155 1149 2238 quod
1165 2154 1321 2239 imperator,
1340 2152 1437 2216 Leoni

347 2259 419 2322 illius
440 2258 528 2329 titium
559 2257 661 2319 deiude
676 2258 749 2342 qued
765 2261 869 2343 optime
883 2259 919 2322 de
933 2260 1027 2323 stodiis
1041 2260 1181 2324 literarum
1195 2260 1319 2333 meritus,
1342 2258 1437 2344 quipp

348 2366 394 2449 qui
416 2364 563 2425 exstinctas
582 2364 779 2445 propemodum
795 2387 828 2426 ac
841 2365 1031 2450 semisepultas
1044 2388 1094 2428 sua
1108 2379 1199 2431 aetate
1217 2367 1305 2429 bonas
1318 2379 1396 2429 artes
1416 2390 1437 2427 a

348 2468 478 2531 scientias
491 2462 625 2529 suscitarit
642 2478 670 2529 et
683 2466 718 2528 ab
734 2468 843 2532 interitu
858 2471 1019 2544 vindiear'b3
1050 2472 1131 2536 tertia
1145 2474 1218 2559 qnod
1233 2474 1293 2558 pari
1307 2472 1366 2536 lere
1383 2496 1437 2537 eeu

348 2570 567 2657 inscriptionibus
581 2569 690 2634 Vestris
704 2571 812 2636 fortuna
826 2573 869 2638 bis
885 2588 993 2660 eaptus,
1011 2579 1159 2642 militarem
1172 2579 1292 2643 lacerem
1303 2593 1437 2664 expertm

349 2679 514 2762 redemptus.
543 2698 606 2739 uam
620 2678 735 2763 primatu
748 2678 918 2745 blecbliniae
933 2682 1005 2767 apud
1019 2686 1153 2749 medicum
1168 2686 1301 2772 quendam
1313 2687 1437 2774 anglum

347 2783 483 2847 'l'bomaru
497 2782 674 2861 Clementem,
695 2808 790 2870 parem
804 2785 955 2850 clementer
970 2787 1078 2855 babitus
1091 2794 1188 2856 multos
1202 2815 1287 2856 annos
1302 2793 1330 2856 in
1342 2793 1437 2857 biblio

347 2891 448 2954 tbccao
470 2889 516 2954 uel
539 2892 729 2973 eupatorem
751 2890 841 2977 potius
863 2893 992 2980 squalore
1014 2909 1043 2960 et
1061 2897 1176 2982 puluere
1193 2896 1283 2971 letnit;
1304 2913 1406 2983 postea
1423 2900 1437 2962 ii

348 2998 438 3061 altera
460 2997 579 3060 miserae
598 2994 669 3059 illins
687 2996 763 3062 urbis
780 2998 935 3083 direptione
951 3002 1147 3085 αἰχμάλωτος,
1169 3004 1281 3068 militari
1294 3003 1437 3068 violentiae

347 3103 495 3178 obnoxius,
519 3103 643 3187 perierat
655 3104 707 3168 nisi
720 3106 861 3188 periisset:
892 3109 987 3172 neseio
1002 3112 1074 3174 enim
1089 3131 1142 3197 qno
1155 3109 1229 3173 bono
1242 3133 1291 3174 sao
1305 3110 1362 3175 late
1376 3108 1437 3175 mih

348 3209 474 3283 tandem,
496 3230 548 3271 ana
562 3231 622 3273 cum
635 3208 773 3297 Procopio
789 3212 826 3276 de
840 3212 974 3279 aedificiis
987 3215 1126 3281 lastiniani
1141 3230 1169 3281 et
1181 3218 1318 3302 Agatbia,
1335 3218 1437 3282 oblatu

349 3312 495 3399 persolutis
517 3311 635 3397 λύτροις
653 3329 778 3381 seruatus
798 3329 848 3383 est.
891 3321 967 3384 cuius
990 3325 1100 3407 quidem
1122 3324 1296 3409 imperatoris
1315 3325 1397 3390 simul
1421 3348 1437 3389 e

349 3418 492 3505 scriptoris
512 3420 606 3502 optimi
624 3422 760 3504 prolixam
780 3422 853 3510 apud
872 3424 931 3490 Vos
950 3425 1132 3493 laudationem
1147 3429 1288 3494 instituere
1300 3431 1367 3494 nibil
1383 3433 1437 3496 atti

349 3534 411 3597 not,
433 3544 493 3585 com
515 3537 542 3586 et
564 3522 600 3584 ad
622 3524 725 3590 calcem
747 3528 825 3594 buius
843 3530 906 3596 libri
920 3533 1034 3597 illustria
1049 3532 1152 3619 aliquot
1166 3534 1353 3600 historicorum
1370 3538 1437 3601 illini

350 3628 414 3691 aevi
436 3627 472 3691 de
494 3648 529 3691 oo
548 3629 703 3694 testimonia
721 3640 925 3721 congesserim,
948 3652 976 3703 et
990 3639 1048 3703 Vos
1062 3639 1116 3724 ipsi
1129 3662 1182 3724 pro
1195 3642 1327 3727 singulari
1340 3642 1437 3707 Vestra

350 3731 504 3796 eruditione
523 3754 678 3820 summaque
691 3736 783 3803 iudicii
799 3744 949 3807 acrimonia
964 3744 1093 3807 laoillime
1107 3767 1170 3823 eas,
1193 3747 1276 3810 veluti
1291 3768 1323 3809 ex
1338 3771 1437 3833 ungue,

349 3837 423 3922 qnod
439 3836 527 3912 aiant,
548 3836 672 3915 leonem,
694 3843 752 3907 sitis
767 3847 886 3932 agnituri
899 3850 1080 3935 scriptumque
1095 3850 1149 3913 boc
1162 3851 1205 3914 rei
1219 3850 1356 3915 literariae
1371 3875 1437 3916 sum·

348 3964 465 4028 mopere
477 3942 544 4007 utile
558 3942 708 4021 iudicaturi,
723 3971 782 4013 eum
796 3955 877 4017 totius
890 3955 951 4020 lere
964 3956 1050 4019 Asiae
1064 3971 1218 4021 accuratam
1232 3956 1437 4039 descriptionem

350 4047 515 4134 aguninaque
527 4049 655 4115 militarie
670 4075 722 4137 per
734 4077 796 4120 eam
810 4059 952 4127 distributa
964 4062 1111 4137 contiueat,
1125 4075 1153 4125 et
1167 4061 1437 4147 praeterquamquod

349 4155 432 4219 natta
457 4156 594 4221 contineat
616 4156 679 4222 aliis
700 4163 875 4250 geographis
894 4165 939 4229 vel
957 4167 1054 4252 ignota
1068 4167 1115 4231 uel
1129 4167 1165 4230 ab
1181 4168 1222 4230 eis
1237 4167 1342 4230 silentio
1358 4187 1436 4253 prae·

347 4260 444 4338 terite,
466 4284 521 4327 non
540 4284 627 4350 panea
646 4263 749 4330 babeat
764 4282 913 4352 praeterea
927 4273 964 4336 ad
977 4272 1143 4358 antiquitatis
1156 4287 1185 4338 et
1198 4273 1328 4338 bistoriae
1342 4272 1434 4359 cogni-
