2894 4872
204 299 276 369 3⁰0
448 302 650 368 sinuosis
677 302 1059 372 tnmhnvrumortss

203 473 342 539 Philonis
372 473 442 537 loco
472 482 602 557 apparet
629 476 720 540 etiam
741 476 963 554 llyrrhachinn
981 497 1004 542 a
1020 476 1084 542 lori
1102 478 1286 561 comitate

203 560 236 623 in
256 577 316 642 qun
335 556 426 620 sitnm
445 565 501 639 est,
520 579 629 622 nomen
647 562 822 642 sumpsisse·

290 661 341 733 56,
361 662 413 720 w.
461 659 592 739 llexippi
621 659 766 724 Herennii
791 660 1001 738 Atheniensis,
1020 660 1088 744 qni,
1116 666 1151 724 nt
1179 661 1292 726 scribit

205 739 363 822 smptus
394 741 427 804 in
444 741 635 823 Porphyrio,
656 743 735 808 vixit
763 744 846 807 circa
864 744 1024 808 Aureliani
1042 763 1081 808 ac
1097 743 1190 807 Probi
1210 751 1291 807 tem-

203 841 291 906 pora,
311 824 421 887 crebra
446 826 559 887 mentio
590 827 724 890 occurrit
751 828 831 909 apud
860 829 1026 909 scriptores
1052 827 1104 910 qui
1130 834 1200 908 post
1227 828 1288 895 illo

203 914 342 988 tempora
361 906 537 970 llornernnt
591 910 662 972 vide
682 927 761 992 qnae
782 910 821 971 lo
840 928 878 973 eo
899 929 937 974 ac
958 910 1022 972 eius
1042 911 1184 992 operibns
1204 912 1290 974 scri-

204 990 248 1053 bit
266 990 393 1053 Vossius
417 990 457 1052 tle
485 989 640 1054 historicis
667 992 795 1055 Graccis
816 993 838 1055 l.
859 999 890 1056 2
932 1001 1064 1056 ceterum
1091 993 1165 1056 licet
1194 995 1289 1057 etiarn

203 1073 236 1135 in
263 1092 309 1136 ms
338 1073 461 1155 legatur
487 1070 521 1132 ἐν
555 1073 729 1217 pepponis?
758 1069 893 1171 ζεκᾰτφ,
923 1076 1087 1157 legendum
1116 1084 1189 1158 puto
1217 1096 1289 1140 culn

204 1157 297 1219 lienr.
318 1156 441 1219 valesio
469 1152 504 1216 ἔν
523 1156 678 1233 χρονικῶν
719 1175 833 1240 scarpi,
865 1178 932 1221 otuu
954 1160 1033 1222 idem
1053 1160 1133 1221 iiber
1154 1159 1291 1222 lecimus

204 1239 413 1301 chronicorum
433 1239 563 1345 Dexippi
594 1242 705 1303 citetur
728 1241 819 1304 ctiam
845 1260 866 1306 a
886 1241 1043 1325 Stephano
1064 1242 1096 1305 in
1116 1240 1290 1321 Σσυγχστσι

205 1329 236 1385 et
256 1322 447 1386 duodecimus
467 1323 500 1386 in
526 1322 667 1401 Ελοσρσι.

285 1424 337 1498 57,
351 1427 381 1485 o.
424 1419 581 1505 ἐμέρισεν]
602 1424 641 1487 ele
660 1421 721 1488 hcc
737 1422 886 1487 diuisione
903 1424 1022 1508 imperii
1041 1424 1171 1491 hmani
1188 1425 1289 1509 pinri-

205 1507 261 1569 hns
282 1504 342 1566 seri
364 1512 458 1570 tores.

287 1524 369 1651 imi
390 1594 444 1653 2⁰.
491 1589 539 1652 lle
561 1587 716 1652 Dalmatia
744 1607 782 1653 oc
811 1589 877 1654 eius
907 1591 1028 1673 populis
1056 1590 1195 1675 plurmum
1221 1592 1291 1674 agit

206 1668 421 1735 commntmns
449 1672 471 1735 l.
493 1673 532 1734 de
561 1671 648 1734 san.
669 1671 740 1754 imp.
769 1692 795 1737 c.
816 1679 860 1737 29
883 1681 914 1737 et
934 1692 1017 1757 seqq.
1068 1676 1123 1738 sei
1142 1675 1221 1758 quoti
1244 1676 1290 1738 ait

205 1756 257 1818 hie
275 1756 458 1818 Dalmatiam
480 1756 589 1819 ltaliae
609 1755 765 1836 regionem
789 1774 874 1835 esse,
896 1758 928 1822 il
950 1757 1052 1821 hausit
1071 1777 1111 1822 ex
1130 1758 1290 1840 Stephano

206 1838 372 1915 Byzantio,
394 1857 434 1902 ex
460 1857 520 1922 quo
537 1846 569 1901 et
593 1839 743 1922 pleraque
763 1841 826 1903 alia
855 1843 895 1903 al
911 1842 1046 1919 verbnm,
1067 1848 1101 1903 nt
1117 1842 1214 1918 aiunt,
1235 1858 1290 1905 ex-

103 1978 107 1983 ,
207 1921 323 2002 cripsit,
343 1920 388 1983 nti
410 1929 442 1984 et
460 1922 535 1985 alibi
555 1921 732 1985 monuimus.
780 1924 962 1988 Dalmatiam
984 1932 1084 1988 antem
1104 1943 1162 2005 pro
1181 1924 1290 1988 imum

205 2005 334 2085 regione
354 2004 426 2067 hine
446 2012 519 2087 puto
546 2012 696 2087 sumptam
719 2023 740 2069 a
768 2007 969 2089 scriptoribus
993 2006 1191 2087 llysautinis,
1210 2008 1290 2089 qnod

206 2088 360 2151 Dalmatia
391 2096 454 2151 tum
478 2089 571 2152 merit
598 2107 672 2170 pars
692 2088 818 2153 italicae
842 2092 1062 2171 praefecturae
1113 2091 1184 2153 vile
1217 2091 1290 2173 quii

206 2171 265 2233 bne
284 2171 323 2232 de
344 2170 808 2250 reortelius,1ieetllerkelins
827 2174 858 2236 ln
879 2175 961 2238 notis
985 2175 1025 2238 at
1048 2172 1235 2256 Stephanum
1257 2173 1290 2237 it

208 2272 265 2335 pro
287 2254 377 2336 nugis
398 2254 519 2333 haheat,
543 2256 790 2337 quemadmodum
817 2263 848 2318 et
867 2256 1040 2321 llolstenius
1060 2258 1092 2319 in
1110 2258 1175 2319 suis
1194 2276 1290 2320 anno

208 2337 374 2400 tationihns
404 2338 622 2401 alomonam.
678 2358 782 2402 verum
812 2340 877 2421 ipse
905 2347 977 2422 puto
997 2340 1171 2403 Borkelinnn
1189 2357 1289 2422 nugas

209 2421 331 2503 nugari,
353 2421 422 2483 dnm
440 2420 520 2483 hunc
540 2421 690 2503 Stephani
710 2422 809 2486 locum
830 2425 984 2505 explicare
1005 2430 1141 2487 conatur.

291 2518 374 2585 ibid.
426 2517 459 2593 ἐξ
487 2508 586 2597 οὗπερ
615 2513 815 2599 ἐβλάστησεν]
845 2522 885 2585 «ie
912 2522 1016 2604 patria
1033 2520 1216 2584 Diocletiani
1238 2521 1290 2584 im-

209 2604 379 2752 pezntoiris,
397 2602 436 2663 lc
457 2620 520 2686 qua
540 2602 750 2666 controversia
773 2610 821 2667 est
842 2605 923 2668 inter
945 2605 1129 2687 scriptores,
1151 2604 1290 2686 pluribus

243 2689 250 2704 '
273 2689 284 2752 i
319 2707 337 2748 o
359 2685 464 2749 nimur.

208 2690 252 2754 ah
290 2703 414 2847 58313.
463 2761 570 2838 καθώς
600 2759 616 2826 ci
644 2764 859 2849 γραμματικός
887 2770 1058 2849 Στέφανος]
1079 2770 1155 2834 hacc
1174 2769 1205 2832 in
1228 2768 1292 2849 cpi·

210 2862 291 2922 tome
313 2850 463 2934 Stephani
480 2870 542 2914 non
562 2857 684 2928 extunt3
711 2857 743 2914 et
763 2853 858 2915 miror
880 2873 934 2916 cur
953 2853 1121 2930 lterlielins,
1143 2853 1195 2936 qui
1216 2853 1289 2925 alia,

209 2954 289 3023 quac
310 2956 351 3003 ex
370 2934 519 3018 Stephani
547 2935 665 3015 calamo
690 2936 831 3015 profecta
851 2943 940 2999 erant
968 2944 998 2999 et
1018 2943 1199 3001 conservata
1220 2941 1290 2997 sunt

209 3022 291 3167 {pul
313 3022 492 3168 smptoiibi
516 3025 668 3167 ntostrum,
688 3018 828 3101 legitimo
849 3020 967 3083 auctori
989 3020 1132 3095 restitnit,
1150 3018 1228 3082 haee
1248 3016 1294 3080 el-

231 3123 279 3168 em
299 3125 361 3168 non
381 3122 432 3167 res
490 3122 534 3165 ern

293 3202 377 3268 ibid.
397 3206 447 3267 15.
502 3203 586 3267 eimt
606 3203 731 3265 euntem
753 3201 942 3266 hellanicum
963 3201 1097 3283 scriptor
1114 3206 1219 3265 noster
1240 3217 1290 3262 su-

210 3303 269 3383 pra
295 3285 334 3357 dt
357 3287 556 3351 blaceloniae
582 3286 734 3361 themate;
761 3285 813 3348 nbi
832 3284 902 3348 vide
929 3303 1009 3368 puae
1039 3285 1079 3348 ‹le
1098 3304 1135 3347 eo
1162 3284 1292 3348 adnota-

212 3386 318 3431 vimus.

291 3468 344 3544 59,
362 3472 393 3529 o.
429 3454 582 3544 Ἀλέξισς]
603 3468 654 3532 bic
672 3473 765 3549 potia
781 3466 852 3531 aliis
873 3466 1071 3551 scriptoribus
1091 3463 1199 3529 Alexis
1217 3463 1291 3527 hici-

210 3558 269 3631 tnr.
313 3550 382 3612 ville
401 3549 540 3613 Vosslnm
561 3552 601 3613 ie
620 3551 718 3632 poetis
739 3549 876 3613 Graecis.

292 3638 345 3710 60,
366 3634 417 3696 15
458 3632 625 3697 Postremis
652 3633 836 3715 temporibus
856 3632 1092 3715 longobardiae
1111 3630 1233 3694 nomine
1255 3647 1292 3693 ea

211 3714 396 3796 potissimum
415 3714 525 3779 ltaliae
543 3735 617 3797 pars
639 3716 800 3780 atlraecis
819 3717 935 3780 donata
957 3718 1015 3778 init
1036 3714 1165 3798 quaein
1190 3730 1291 3776 eorum

211 3798 338 3881 imperio
359 3797 513 3875 remansit,
536 3799 675 3863 nimirum
689 3798 837 3863 Calabria
855 3806 946 3882 atone
967 3816 1040 3879 pars
1061 3797 1150 3879 regni
1172 3798 1291 3877 Neapo-

211 3881 310 3962 litant,
328 3886 362 3943 ut
380 3880 543 3945 manifesto
562 3888 692 3964 apparet
709 3884 749 3946 c'x
769 3882 807 3944 iis
826 3901 903 3964 puae
925 3881 974 3943 hie
992 3880 1099 3944 scribit
1118 3879 1291 3961 Porphyro-

212 3965 341 4046 penitus.
384 3964 456 4027 olim
476 3970 576 4028 antem
598 3964 654 4027 snb
669 3962 784 4028 Carolo
804 3984 917 4046 magno
927 3963 1163 4046 longobardiae
1183 3980 1291 4024 nomen

212 4056 274 4113 tam
295 4050 360 4114 late
379 4048 477 4129 panno
504 4055 539 4111 ut
567 4049 713 4111 universa
734 4048 825 4111 italis
853 4048 911 4111 hoe
936 4046 1085 4110 vocabulo
1104 4046 1292 4127 intelligere·

212 4136 274 4211 tor,
293 4142 328 4197 ut
347 4136 466 4196 comtet
486 4150 526 4199 ex
547 4131 657 4197 charta
678 4131 812 4195 eiusdem
819 4130 924 4195 Caroli
939 4129 1042 4213 magni
1063 4146 1121 4213 pro
1141 4128 1291 4192 divisione
