2894 4872
280 279 353 353 296
515 279 714 347 BhNDUilll
742 279 1122 349 amthanvsasrortss

360 453 465 534 521.
506 448 684 531 Arcesilae]
716 454 787 517 vide
808 453 991 518 Herodotum
1017 454 1041 517 1.
1063 458 1094 529 7,
1117 452 1316 519 Plutarch·
1336 456 1371 521 ita

281 536 412 613 lacon,
433 533 568 599 rulliun
586 537 677 599 Tusc.
700 544 819 620 quaest
842 544 871 617 1,
889 537 1054 600 Diodorum
1072 535 1149 600 Bihl.
1169 542 1199 600 2

363 612 447 684 lota
468 622 499 681 6.
541 617 766 700 Peloponnesus
794 638 872 702 qnae
898 620 990 683 hodie
1010 615 1129 684 Murco
1150 618 1270 698 ticon,
1291 618 1369 686 olim

267 680 479 784 &poenos
498 699 618 763 tauns
637 703 756 766 sensa
776 703 963 766 senuaar:
984 702 1166 765 osorton
1189 707 1207 764 1
1229 706 1261 779 s,
1279 702 1368 783 aps.

279 786 359 849 laius
377 785 450 847 item
471 788 494 846 6
515 781 610 859 Asini,
629 786 680 847 uhi
699 786 930 849 Lacedaemona
951 784 1083 848 nobilem
1096 784 1231 847 Achaiae
1255 785 1366 848 cirita-

280 878 341 932 mm
363 873 464 945 vocat,
484 871 517 927 et
527 871 568 928 1⁰
585 866 717 932 eiusdem
725 867 902 932 Corinthum
922 868 987 930 eius
1009 876 1100 948 caput
1122 873 1286 949 nuncupat
1307 868 1367 930 Pe-

281 949 443 1034 lopoonesi
469 954 570 1012 autem
596 950 687 1014 situm
715 952 854 1033 pluribus
882 951 1028 1015 describit
1046 951 1221 1016 Marcianus
1241 951 1366 1015 llerarl.

279 1054 309 1100 v.
329 1039 401 1097 510.

361 1113 444 1183 rata
466 1117 498 1178 8.
540 1108 560 1194 ἢ
580 1111 684 1192 νῆσος]
704 1117 931 1199 Peloponnesus
951 1116 1120 1200 peninsula,
1140 1135 1203 1180 non
1220 1134 1297 1180 vero
1316 1116 1364 1180 in-

280 1201 358 1278 sula,
379 1206 415 1260 ut
433 1214 521 1259 nemo
542 1197 679 1277 ignorat.

362 1280 445 1346 lhtd.
466 1270 511 1355 μ’]
529 1280 686 1345 Hierocles
706 1283 762 1346 suh
791 1279 940 1347 corintho
962 1280 1123 1362 metropoli
1143 1281 1239 1345 totius
1257 1279 1364 1346 liclia-

279 1365 336 1429 dos
356 1365 447 1428 urbes
466 1368 509 1426 33
526 1373 674 1443 recenset
1070 1434 1074 1443 ¹
1445 1441 1446 1444 Ἴ

363 1445 446 1513 tota
466 1452 517 1509 20.
560 1443 718 1507 πλατάνου
739 1441 863 1528 φύλλῳ]
884 1446 1001 1509 Plinius
1019 1451 1051 1508 et
1063 1446 1147 1510 Mela
1166 1447 1312 1525 Dionysio
1331 1448 1365 1510 iu
1444 1455 1447 1464 ‘

283 1532 343 1595 hoc
362 1529 565 1607 consentiunt,
598 1531 671 1593 licet
698 1529 814 1593 Plinius
838 1530 1001 1593 Tauricam
1030 1529 1251 1593 Cherronesum
1270 1530 1364 1593 hede-

280 1633 336 1680 rae
357 1615 432 1677 lolio
455 1612 581 1676 siruilenr
602 1632 669 1676 esse
688 1613 812 1693 scribat.
854 1613 924 1675 vide
943 1613 1066 1676 llorelli
1085 1619 1184 1677 notas

362 1702 414 1777 53,
434 1702 465 1760 3.
506 1690 707 1770 ἐβασιλεύετο
740 1690 776 1754 τό
804 1694 889 1773 πρίν]
922 1696 1114 1773 Thucydides
1140 1696 1164 1760 1.
1196 1701 1226 1760 1.
1254 1703 1363 1760 narrat

281 1781 381 1844 liores
410 1797 478 1842 cum
498 1779 668 1843 Heraclidis
695 1783 739 1842 80
759 1797 842 1843 anno
870 1786 940 1861 post
969 1780 1117 1842 excidium
1138 1779 1253 1843 Troiae
1273 1780 1362 1842 Pelo-

282 1881 449 1947 ponnesum
467 1863 620 1942 tenuisse,
639 1880 705 1925 cnm
723 1863 887 1924 Dorienses
906 1862 1006 1925 altero
1024 1863 1149 1925 eraculo
1172 1862 1286 1939 moniti,
1308 1881 1364 1944 per

280 1947 443 2027 augustias
464 1942 583 2008 crisost
614 1945 699 2008 mnus
729 1945 831 2008 adorti
852 1943 1032 2009 lleraclidas
1057 1946 1249 2007 dominantes
1275 1947 1363 2028 luga-

279 2038 369 2104 runt;
387 2028 458 2174 hini
483 2034 592 2110 postea
616 2035 687 2092 sunt
706 2029 836 2092 ‘reversi
868 2029 902 2092 in
930 2029 1169 2109 Peloponnesum
1194 2029 1272 2092 duce
1303 2028 1363 2091 Cu·

278 2131 366 2178 raho.
423 2131 472 2173 oo.
1200 2132 1203 2139 ·

364 2191 446 2259 laia
466 2197 497 2255 6.
546 2181 606 2273 ἀφ’
634 2182 734 2274 odoro
763 2188 818 2252 ὑπ’
844 2189 1043 2273 ἀμφοτέρων]
1094 2192 1174 2256 hanc
1194 2193 1363 2271 victorin,

301 2298 369 2342 uam
390 2279 430 2340 de
452 2275 554 2339 Persis
575 2275 688 2340 Graeci
708 2281 913 2358 reportarunt,
934 2275 1027 2338 fuisse
1050 2269 1154 2336 κοινὰν
1174 2269 1363 2357 κατόρθωμα

276 2359 287 2382 ‘
330 2355 432 2440 λήνων
453 2359 559 2421 scribit
580 2359 760 2422 Plutarchus
781 2360 813 2422 in
834 2357 978 2423 Aristide.
995 2359 1078 2422 hloa.

363 2438 446 2505 tota
466 2447 496 2505 7.
538 2441 693 2505 ltlardonii
717 2442 840 2505 caedem
860 2448 981 2505 constat
1007 2460 1047 2505 ex
1067 2440 1171 2503 eodem
1194 2438 1359 2503 Plutarcho

281 2526 322 2589 ab
342 2524 516 2587 Arimnesto
538 2522 699 2604 Spartiates
719 2531 872 2604 patratam
894 2543 979 2604 esse,
998 2525 1049 2607 qui
1067 2543 1144 2587 saxo
1166 2529 1259 2604 caput
1277 2522 1364 2586 llar-

283 2605 548 2752 doniiMcontrivit3
569 2613 604 2667 ut
629 2623 670 2669 ex
689 2604 867 2687 Amphiarai
893 2609 1019 2671 oraculo
1048 2608 1271 2689 praemonitum
1297 2607 1363 2668 hre-

282 2697 342 2755 ret
399 2708 448 2752 on.

366 2767 449 2835 thid.
472 2774 522 2832 11.
566 2762 775 2848 &constritari
797 2770 867 2833 vide
888 2771 1095 2851 Thucydidem
1116 2772 1138 2836 1.
1159 2774 1191 2834 h

364 2851 448 2919 illd
471 2857 521 2916 18.
563 2848 751 2928 adiudicare
783 2860 814 2915 et
834 2850 1014 2932 custodisses
1040 2858 1074 2919 in
1100 2858 1291 2920 socom
1311 2871 1363 2917 re-

283 2938 404 3022 dtpere.
445 2936 561 3019 passim
579 2941 679 2999 autem
699 2937 832 3001 occrndt
850 2937 928 3002 haec
946 2956 1011 3002 vox
1028 2939 1109 3022 apud
1129 2935 1365 3020 scriptoreslly-

282 3023 437 3087 sentires.

363 3102 446 3169 Ittd„
466 3108 517 3168 19.
559 3097 577 3163 ὅ
597 3096 735 3180 λοιμικὰς
755 3099 903 3179 θάνατος]
931 3103 971 3166 de
998 3105 1056 3167 huc
1075 3104 1266 3186 pestilentia,
1286 3120 1365 3185 qaae

285 3188 457 3267 imperante
482 3186 674 3268 copronymo
702 3186 734 3249 in
764 3203 882 3250 omnem
909 3193 1060 3251 terrarum
1087 3188 1190 3251 ortem
1219 3192 1365 3269 grassata

284 3276 340 3347 est,
360 3270 540 3333 mentionem
562 3271 679 3333 hamunt
704 3269 869 3353 scriptores
891 3269 975 3333 illius
1003 3269 1088 3345 aevi,
1110 3278 1141 3332 et
1160 3269 1308 3351 imprimis
1331 3267 1364 3331 S.

281 3351 470 3432 Nicephorus
496 3353 675 3433 patriarcha
699 3352 749 3416 GP
767 3355 800 3416 in
819 3354 965 3435 operibus
987 3348 1169 3437 mss,''qnae
1189 3352 1365 3435 propediem

283 3434 411 3498 anchis
432 3434 570 3500 edentur.

369 3513 452 3580 thid,
473 3522 526 3581 Pl).
568 3512 658 3598 ὁτῆς
677 3517 809 3599 sonorior
829 3511 1003 3596 ἐπώνυμος]
1025 3518 1235 3584 ZonaranV
1257 3521 1278 3580 4
1302 3515 1367 3577 llo·

281 3590 450 3677 πρῶνυμος
469 3599 588 3664 dieitur.

361 3683 413 3751 54,
435 3687 465 3745 2.
515 3675 742 3761 γαρασδοειδὴς
778 3700 835 3765 pro
866 3681 1080 3763 γεροντοειδὴς
1108 3684 1253 3766 usurpari
1280 3681 1365 3745 vidc-

282 3767 341 3837 tur,
359 3764 448 3908 utMmt
466 3764 546 3847 qnod
568 3765 730 3828 Terentium
750 3765 840 3830 dicit:
860 3771 953 3830 cetus
973 3769 1079 3832 metue
1100 3773 1365 3832 commeasse

283 3862 359 3911 m.
414 3866 464 3910 on.

365 3925 448 3993 Illa
492 3924 645 4007 Νικήτης]
667 3930 793 3995 Nicetae
813 3931 901 3996 huius
921 3930 1057 4013 patricii,
1078 3930 1294 4016 Christophori
1314 3948 1367 3993 so-

283 4011 510 4159 cerrzpraeter
530 4012 822 4098 Porphyrugenitum
844 4015 977 4080 muniuit
1004 4019 1036 4077 ct
1062 4016 1126 4080 heo
1150 4014 1368 4100 ammutium
